<?xml version="1.0" encoding="UTF-8"?>
<!DOCTYPE html PUBLIC "-//W3C//DTD XHTML 1.0 Transitional//EN"
    "http://www.w3.org/TR/xhtml1/DTD/xhtml1-transitional.dtd">
<html xmlns="http://www.w3.org/1999/xhtml" xml:lang="en" lang="en">
 <head>
  <title>
</title>
<meta http-equiv="Content-Type" content="text/html;charset=utf-8" />
  <meta name='ocr-system' content='tesseract 3.04.00' />
  <meta name='ocr-capabilities' content='ocr_page ocr_carea ocr_par ocr_line ocrx_word'/>
</head>
<body>
  <div class='ocr_page' id='page_1' title='image "./corpusscriptoru46theogoog/corpusscriptoru46theogoog_0070.png"; bbox 0 0 3125 4959; ppageno 0'>
   <div class='ocr_carea' id='block_1_1' title="bbox 242 406 915 500">
    <p class='ocr_par' dir='ltr' id='par_1_1' title="bbox 242 406 915 500">
     <span class='ocr_line' id='line_1_1' title="bbox 242 406 915 500; baseline -0.004 -23"><span class='ocrx_word' id='word_1_1' title='bbox 242 406 291 478; x_wconf 77' lang='grc' dir='ltr'>3ο</span> <span class='ocrx_word' id='word_1_2' title='bbox 592 494 595 500; x_wconf 22' lang='lat'>¹</span> <span class='ocrx_word' id='word_1_3' title='bbox 691 407 915 490; x_wconf 79' lang='lat' dir='ltr'>rnocorn.</span> 
     </span>
    </p>
   </div>
   <div class='ocr_carea' id='block_1_2' title="bbox 69 573 1442 2726">
    <p class='ocr_par' dir='ltr' id='par_1_2' title="bbox 69 573 1442 2726">
     <span class='ocr_line' id='line_1_2' title="bbox 242 573 1330 663; baseline -0.002 -20"><span class='ocrx_word' id='word_1_4' title='bbox 242 579 274 656; x_wconf 65' lang='grc' dir='ltr'>ἔξ</span> <span class='ocrx_word' id='word_1_5' title='bbox 290 577 453 661; x_wconf 70' lang='grc' dir='ltr'><em>ἐπιβουλῆς</em></span> <span class='ocrx_word' id='word_1_6' title='bbox 472 574 618 663; x_wconf 77' lang='grc' dir='ltr'><strong><em>ὀρρωδῶν</em></strong></span> <span class='ocrx_word' id='word_1_7' title='bbox 637 573 788 645; x_wconf 85' lang='grc' dir='ltr'><em>θάνατον.</em></span> <span class='ocrx_word' id='word_1_8' title='bbox 838 583 991 661; x_wconf 76' lang='grc' dir='ltr'><em>μαθοῦσα</em></span> <span class='ocrx_word' id='word_1_9' title='bbox 1008 579 1042 643; x_wconf 70' lang='grc' dir='ltr'>δι’</span> <span class='ocrx_word' id='word_1_10' title='bbox 1058 574 1079 661; x_wconf 69' lang='lat' dir='ltr'>ei</span> <span class='ocrx_word' id='word_1_11' title='bbox 1097 579 1219 658; x_wconf 77' lang='grc' dir='ltr'><em>βασιλὶς</em></span> <span class='ocrx_word' id='word_1_12' title='bbox 1234 574 1330 643; x_wconf 88' lang='grc' dir='ltr'><em>πολλά</em></span> 
     </span>
     <span class='ocr_line' id='line_1_3' title="bbox 242 677 1332 770; baseline -0.003 -23"><span class='ocrx_word' id='word_1_13' title='bbox 242 682 271 747; x_wconf 87' lang='lat' dir='ltr'>ui</span> <span class='ocrx_word' id='word_1_14' title='bbox 286 683 332 762; x_wconf 70' lang='grc' dir='ltr'>ἐπὶ</span> <span class='ocrx_word' id='word_1_15' title='bbox 346 688 402 765; x_wconf 73' lang='grc' dir='ltr'>τῆς</span> <span class='ocrx_word' id='word_1_16' title='bbox 418 680 458 746; x_wconf 72' lang='lat' dir='ltr'>i&#39;tu</span> <span class='ocrx_word' id='word_1_17' title='bbox 466 677 612 767; x_wconf 77' lang='grc' dir='ltr'><em>χρήματα</em></span> <span class='ocrx_word' id='word_1_18' title='bbox 626 680 711 761; x_wconf 72' lang='grc' dir='ltr'><em>εἶναι,</em></span> <span class='ocrx_word' id='word_1_19' title='bbox 739 682 889 766; x_wconf 65' lang='grc' dir='ltr'><em>πέμψασα</em></span> <span class='ocrx_word' id='word_1_20' title='bbox 905 688 967 747; x_wconf 81' lang='grc' dir='ltr'><em>τῶν</em></span> <span class='ocrx_word' id='word_1_21' title='bbox 982 681 1013 746; x_wconf 75' lang='grc' dir='ltr'><em>ἓν</em></span> <span class='ocrx_word' id='word_1_22' title='bbox 1030 682 1171 770; x_wconf 83' lang='grc' dir='ltr'><em>παλατόῳ</em></span> <span class='ocrx_word' id='word_1_23' title='bbox 1184 677 1332 763; x_wconf 79' lang='grc' dir='ltr'><em>εόνοόχων</em></span> 
     </span>
     <span class='ocr_line' id='line_1_4' title="bbox 240 780 1331 873; baseline 0 -24"><span class='ocrx_word' id='word_1_24' title='bbox 240 784 309 850; x_wconf 85' lang='grc' dir='ltr'><em>τινά</em></span> <span class='ocrx_word' id='word_1_25' title='bbox 322 780 494 873; x_wconf 78' lang='grc' dir='ltr'><em>νενόμισται</em></span> <span class='ocrx_word' id='word_1_26' title='bbox 509 781 621 855; x_wconf 88' lang='grc' dir='ltr'><em>πάντα.</em></span> <span class='ocrx_word' id='word_1_27' title='bbox 672 785 814 871; x_wconf 72' lang='grc' dir='ltr'><em>ἐτύγχανε</em></span> <span class='ocrx_word' id='word_1_28' title='bbox 829 786 863 850; x_wconf 74' lang='grc' dir='ltr'>δι’</span> <span class='ocrx_word' id='word_1_29' title='bbox 871 783 1037 849; x_wconf 83' lang='grc' dir='ltr'><em>Ἀντιονίνα</em></span> <span class='ocrx_word' id='word_1_30' title='bbox 1044 833 1054 863; x_wconf 88' lang='grc'><strong>,</strong></span> <span class='ocrx_word' id='word_1_31' title='bbox 1082 782 1125 859; x_wconf 80' lang='grc' dir='ltr'>ὥς</span> <span class='ocrx_word' id='word_1_32' title='bbox 1138 811 1191 866; x_wconf 94' lang='grc' dir='ltr'><em>μοι</em></span> <span class='ocrx_word' id='word_1_33' title='bbox 1205 784 1331 869; x_wconf 73' lang='grc' dir='ltr'><em>εἴρηται,</em></span> 
     </span>
     <span class='ocr_line' id='line_1_5' title="bbox 202 884 1332 976; baseline -0.003 -23"><span class='ocrx_word' id='word_1_34' title='bbox 202 908 206 914; x_wconf 82' lang='grc'><em>’</em></span> <span class='ocrx_word' id='word_1_35' title='bbox 240 893 284 976; x_wconf 77' lang='grc' dir='ltr'>τῷ</span> <span class='ocrx_word' id='word_1_36' title='bbox 304 889 360 968; x_wconf 74' lang='grc' dir='ltr'><em>μὲν</em></span> <span class='ocrx_word' id='word_1_37' title='bbox 377 886 466 972; x_wconf 84' lang='grc' dir='ltr'><em>άνδρλ</em></span> <span class='ocrx_word' id='word_1_38' title='bbox 487 885 636 973; x_wconf 74' lang='grc' dir='ltr'><em>διάφορος</em></span> <span class='ocrx_word' id='word_1_39' title='bbox 648 888 845 973; x_wconf 68' lang='grc' dir='ltr'>γεγενημένη,</span> <span class='ocrx_word' id='word_1_40' title='bbox 865 888 962 973; x_wconf 72' lang='grc' dir='ltr'><em>’τῇδὲ</em></span> <span class='ocrx_word' id='word_1_41' title='bbox 976 888 1111 969; x_wconf 79' lang='grc' dir='ltr'>βασιλίδι</span> <span class='ocrx_word' id='word_1_42' title='bbox 1133 884 1265 972; x_wconf 78' lang='grc' dir='ltr'>φιλτάτη</span> <span class='ocrx_word' id='word_1_43' title='bbox 1282 890 1332 951; x_wconf 76' lang='grc' dir='ltr'>καὶ</span> 
     </span>
     <span class='ocr_line' id='line_1_6' title="bbox 241 986 1358 1074; baseline 0.004 -19"><span class='ocrx_word' id='word_1_44' title='bbox 241 987 465 1073; x_wconf 76' lang='grc' dir='ltr'><em>ἀναγκαιοτάτη</em></span> <span class='ocrx_word' id='word_1_45' title='bbox 478 989 669 1074; x_wconf 78' lang='grc' dir='ltr'><em>τυγχάνουσα</em></span> <span class='ocrx_word' id='word_1_46' title='bbox 686 992 716 1057; x_wconf 78' lang='grc' dir='ltr'><em>ἔν</em></span> <span class='ocrx_word' id='word_1_47' title='bbox 731 1002 796 1068; x_wconf 84' lang='grc' dir='ltr'><em>τοῖς</em></span> <span class='ocrx_word' id='word_1_48' title='bbox 808 987 962 1073; x_wconf 87' lang='grc' dir='ltr'><em>μάλιστα,</em></span> <span class='ocrx_word' id='word_1_49' title='bbox 988 986 1041 1055; x_wconf 72' lang='lat' dir='ltr'>tre</span> <span class='ocrx_word' id='word_1_50' title='bbox 1051 987 1194 1074; x_wconf 84' lang='grc' dir='ltr'><em>Ἰωάννην</em></span> <span class='ocrx_word' id='word_1_51' title='bbox 1209 988 1358 1074; x_wconf 70' lang='grc' dir='ltr'><em>ἕναγχοςὸ</em></span> 
     </span>
     <span class='ocr_line' id='line_1_7' title="bbox 204 1090 1356 1179; baseline -0.004 -18"><span class='ocrx_word' id='word_1_52' title='bbox 204 1108 227 1161; x_wconf 82' lang='lat' dir='ltr'><strong>c</strong></span> <span class='ocrx_word' id='word_1_53' title='bbox 244 1093 491 1179; x_wconf 77' lang='grc' dir='ltr'><em>ιιατεργασαμένη</em></span> <span class='ocrx_word' id='word_1_54' title='bbox 509 1093 563 1159; x_wconf 84' lang='grc' dir='ltr'><em>τόν</em></span> <span class='ocrx_word' id='word_1_55' title='bbox 580 1093 804 1179; x_wconf 79' lang='grc' dir='ltr'><em>Καππαδόκην.</em></span> <span class='ocrx_word' id='word_1_56' title='bbox 857 1094 904 1159; x_wconf 91' lang='grc' dir='ltr'><em>διδ</em></span> <span class='ocrx_word' id='word_1_57' title='bbox 920 1094 958 1177; x_wconf 79' lang='grc' dir='ltr'>δὴ</span> <span class='ocrx_word' id='word_1_58' title='bbox 972 1094 1166 1178; x_wconf 70' lang='grc' dir='ltr'><em>χαρίσασθαι</em></span> <span class='ocrx_word' id='word_1_59' title='bbox 1179 1090 1199 1176; x_wconf 81' lang='grc' dir='ltr'><strong><em>ἦ</em></strong></span> <span class='ocrx_word' id='word_1_60' title='bbox 1212 1097 1335 1175; x_wconf 81' lang='grc' dir='ltr'><em>βασιλλς</em></span> <span class='ocrx_word' id='word_1_61' title='bbox 1353 1113 1356 1118; x_wconf 87' lang='grc'><strong>’</strong></span> 
     </span>
     <span class='ocr_line' id='line_1_8' title="bbox 241 1193 1334 1283; baseline 0 -22"><span class='ocrx_word' id='word_1_62' title='bbox 241 1202 280 1283; x_wconf 80' lang='grc' dir='ltr'>τῇ</span> <span class='ocrx_word' id='word_1_63' title='bbox 300 1195 460 1282; x_wconf 78' lang='grc' dir='ltr'><em>Ἀνταινόνῃ</em></span> <span class='ocrx_word' id='word_1_64' title='bbox 481 1199 729 1282; x_wconf 77' lang='grc' dir='ltr'><em>βουλευσαμένη,</em></span> <span class='ocrx_word' id='word_1_65' title='bbox 754 1196 879 1264; x_wconf 78' lang='grc' dir='ltr'><em>ἅπαντα</em></span> <span class='ocrx_word' id='word_1_66' title='bbox 900 1196 1046 1281; x_wconf 66' lang='grc' dir='ltr'><em>ἔπραττεν</em></span> <span class='ocrx_word' id='word_1_67' title='bbox 1067 1195 1151 1271; x_wconf 79' lang='grc' dir='ltr'><em>ὅπως</em></span> <span class='ocrx_word' id='word_1_68' title='bbox 1173 1193 1334 1279; x_wconf 76' lang='grc' dir='ltr'><em>ἓξαιτήσα·</em></span> 
     </span>
     <span class='ocr_line' id='line_1_9' title="bbox 242 1294 1333 1387; baseline -0.003 -22"><span class='ocrx_word' id='word_1_69' title='bbox 242 1301 325 1365; x_wconf 84' lang='grc' dir='ltr'><em>σθαό</em></span> <span class='ocrx_word' id='word_1_70' title='bbox 347 1325 378 1364; x_wconf 86' lang='grc' dir='ltr'>τε</span> <span class='ocrx_word' id='word_1_71' title='bbox 398 1299 452 1381; x_wconf 84' lang='grc' dir='ltr'>Ιτόν</span> <span class='ocrx_word' id='word_1_72' title='bbox 477 1299 616 1383; x_wconf 76' lang='grc' dir='ltr'><em>άνδραὴ</em></span> <span class='ocrx_word' id='word_1_73' title='bbox 638 1302 712 1387; x_wconf 81' lang='grc' dir='ltr'><em>γυνὴ·</em></span> <span class='ocrx_word' id='word_1_74' title='bbox 734 1300 864 1371; x_wconf 77' lang='grc' dir='ltr'><em>καλάπδ</em></span> <span class='ocrx_word' id='word_1_75' title='bbox 877 1305 1045 1386; x_wconf 77' lang='grc' dir='ltr'><em>ξυμφορῶν</em></span> <span class='ocrx_word' id='word_1_76' title='bbox 1058 1302 1221 1383; x_wconf 76' lang='grc' dir='ltr'><em>τηλικαλνδε</em></span> <span class='ocrx_word' id='word_1_77' title='bbox 1236 1294 1333 1386; x_wconf 79' lang='grc' dir='ltr'><em>ῥάσσ-</em></span> 
     </span>
     <span class='ocr_line' id='line_1_10' title="bbox 243 1399 1335 1493; baseline 0 -26"><span class='ocrx_word' id='word_1_78' title='bbox 243 1408 322 1467; x_wconf 89' lang='grc' dir='ltr'><em>σθαι</em></span> <span class='ocrx_word' id='word_1_79' title='bbox 341 1400 454 1481; x_wconf 80' lang='grc' dir='ltr'><em>δόξειε,</em></span> <span class='ocrx_word' id='word_1_80' title='bbox 482 1400 579 1490; x_wconf 83' lang='grc' dir='ltr'><em>ταότη</em></span> <span class='ocrx_word' id='word_1_81' title='bbox 600 1432 631 1471; x_wconf 87' lang='grc' dir='ltr'>τε</span> <span class='ocrx_word' id='word_1_82' title='bbox 653 1406 689 1470; x_wconf 80' lang='grc' dir='ltr'>οὐ</span> <span class='ocrx_word' id='word_1_83' title='bbox 712 1402 808 1487; x_wconf 90' lang='grc' dir='ltr'><em>μόνον</em></span> <span class='ocrx_word' id='word_1_84' title='bbox 829 1411 873 1491; x_wconf 78' lang='grc' dir='ltr'>τῷ</span> <span class='ocrx_word' id='word_1_85' title='bbox 894 1399 1080 1493; x_wconf 78' lang='grc' dir='ltr'><em>ταλαιπώρῳ</em></span> <span class='ocrx_word' id='word_1_86' title='bbox 1094 1405 1125 1479; x_wconf 71' lang='grc' dir='ltr'>λς</span> <span class='ocrx_word' id='word_1_87' title='bbox 1140 1402 1176 1467; x_wconf 90' lang='grc' dir='ltr'>τδ</span> <span class='ocrx_word' id='word_1_88' title='bbox 1191 1403 1335 1478; x_wconf 72' lang='grc' dir='ltr'><em>παντελὲς</em></span> 
     </span>
     <span class='ocr_line' id='line_1_11' title="bbox 139 1499 1382 1591; baseline 0.006 -26"><span class='ocrx_word' id='word_1_89' title='bbox 139 1516 162 1565; x_wconf 92' lang='lat' dir='ltr'>V</span> <span class='ocrx_word' id='word_1_90' title='bbox 179 1518 230 1571; x_wconf 72' lang='lat'>288</span> <span class='ocrx_word' id='word_1_91' title='bbox 248 1511 474 1589; x_wconf 80' lang='grc' dir='ltr'><em>καταλλαγῆναι</em></span> <span class='ocrx_word' id='word_1_92' title='bbox 493 1505 700 1591; x_wconf 76' lang='grc' dir='ltr'><em>συμβήσεται,</em></span> <span class='ocrx_word' id='word_1_93' title='bbox 729 1507 809 1571; x_wconf 65' lang='lat' dir='ltr'>dnn&amp;</span> <span class='ocrx_word' id='word_1_94' title='bbox 829 1509 880 1572; x_wconf 79' lang='grc' dir='ltr'>καὶ</span> <span class='ocrx_word' id='word_1_95' title='bbox 897 1499 1066 1591; x_wconf 71' lang='grc' dir='ltr'><em>διαρρήδην</em></span> <span class='ocrx_word' id='word_1_96' title='bbox 1080 1505 1175 1571; x_wconf 76' lang='grc' dir='ltr'><em>αὐτόν</em></span> <span class='ocrx_word' id='word_1_97' title='bbox 1191 1502 1244 1570; x_wconf 84' lang='grc' dir='ltr'><em>ότι</em></span> <span class='ocrx_word' id='word_1_98' title='bbox 1259 1505 1382 1591; x_wconf 77' lang='grc' dir='ltr'><em>πρδςλο</em></span> 
     </span>
     <span class='ocr_line' id='line_1_12' title="bbox 164 1608 1335 1695; baseline 0.001 -22"><span class='ocrx_word' id='word_1_99' title='bbox 164 1610 166 1615; x_wconf 77' lang='grc'><strong>’</strong></span> <span class='ocrx_word' id='word_1_100' title='bbox 244 1608 342 1691; x_wconf 77' lang='grc' dir='ltr'><em>αὐτῆς</em></span> <span class='ocrx_word' id='word_1_101' title='bbox 368 1611 613 1691; x_wconf 78' lang='grc' dir='ltr'><em>διασεσωσμένυν</em></span> <span class='ocrx_word' id='word_1_102' title='bbox 639 1610 835 1695; x_wconf 76' lang='grc' dir='ltr'><em>αἰχμάλωτον</em></span> <span class='ocrx_word' id='word_1_103' title='bbox 861 1609 1115 1695; x_wconf 78' lang='grc' dir='ltr'><em>ἀναρπάσασθαι.</em></span> <span class='ocrx_word' id='word_1_104' title='bbox 1167 1610 1280 1694; x_wconf 68' lang='grc' dir='ltr'><em>ἐγένετο</em></span> <span class='ocrx_word' id='word_1_105' title='bbox 1302 1610 1335 1674; x_wconf 74' lang='grc' dir='ltr'><em>δι’</em></span> 
     </span>
     <span class='ocr_line' id='line_1_13' title="bbox 243 1702 1334 1800; baseline -0.001 -24"><span class='ocrx_word' id='word_1_106' title='bbox 243 1702 321 1776; x_wconf 53' lang='grc' dir='ltr'><em>ὧδει</em></span> <span class='ocrx_word' id='word_1_107' title='bbox 363 1703 442 1794; x_wconf 79' lang='grc' dir='ltr'><em>ἦλθε</em></span> <span class='ocrx_word' id='word_1_108' title='bbox 454 1713 509 1795; x_wconf 76' lang='grc' dir='ltr'><em>μέν</em></span> <span class='ocrx_word' id='word_1_109' title='bbox 522 1740 595 1779; x_wconf 84' lang='grc' dir='ltr'><em>ποτε</em></span> <span class='ocrx_word' id='word_1_110' title='bbox 610 1712 791 1800; x_wconf 83' lang='grc' dir='ltr'><em>Βελισάριος</em></span> <span class='ocrx_word' id='word_1_111' title='bbox 804 1714 929 1796; x_wconf 73' lang='grc' dir='ltr'><em>πρωῒές</em></span> <span class='ocrx_word' id='word_1_112' title='bbox 941 1711 1090 1780; x_wconf 86' lang='grc' dir='ltr'><em>παλάτιον</em></span> <span class='ocrx_word' id='word_1_113' title='bbox 1097 1762 1108 1791; x_wconf 84' lang='grc'>,</span> <span class='ocrx_word' id='word_1_114' title='bbox 1130 1704 1207 1800; x_wconf 71' lang='grc' dir='ltr'><em>ᾗπερ</em></span> <span class='ocrx_word' id='word_1_115' title='bbox 1221 1708 1334 1790; x_wconf 81' lang='grc' dir='ltr'><em>ελιόθει,</em></span> 
     </span>
     <span class='ocr_line' id='line_1_14' title="bbox 244 1811 1335 1903; baseline 0 -24"><span class='ocrx_word' id='word_1_116' title='bbox 244 1814 298 1891; x_wconf 78' lang='grc' dir='ltr'><em>’ξδν</em></span> <span class='ocrx_word' id='word_1_117' title='bbox 320 1811 499 1899; x_wconf 79' lang='grc' dir='ltr'><em>ἀνθρώποις</em></span> <span class='ocrx_word' id='word_1_118' title='bbox 521 1820 653 1903; x_wconf 76' lang='grc' dir='ltr'><em>οἰκτροῖς</em></span> <span class='ocrx_word' id='word_1_119' title='bbox 673 1844 706 1883; x_wconf 84' lang='grc' dir='ltr'>τε</span> <span class='ocrx_word' id='word_1_120' title='bbox 726 1820 776 1883; x_wconf 76' lang='grc' dir='ltr'>καὶ</span> <span class='ocrx_word' id='word_1_121' title='bbox 795 1815 907 1901; x_wconf 75' lang='grc' dir='ltr'><em>ὀλίγοις</em></span> <span class='ocrx_word' id='word_1_122' title='bbox 928 1818 1017 1882; x_wconf 82' lang='grc' dir='ltr'><em>τισίν.</em></span> <span class='ocrx_word' id='word_1_123' title='bbox 1068 1843 1125 1881; x_wconf 87' lang='grc' dir='ltr'>ουκ</span> <span class='ocrx_word' id='word_1_124' title='bbox 1146 1841 1281 1898; x_wconf 81' lang='grc' dir='ltr'><em>ευμενιιιν</em></span> <span class='ocrx_word' id='word_1_125' title='bbox 1301 1818 1335 1880; x_wconf 93' lang='grc' dir='ltr'>δε</span> 
     </span>
     <span class='ocr_line' id='line_1_15' title="bbox 243 1912 1335 2005; baseline -0.001 -24"><span class='ocrx_word' id='word_1_126' title='bbox 243 1912 463 2000; x_wconf 85' lang='grc' dir='ltr'><em>πειρασόμενος</em></span> <span class='ocrx_word' id='word_1_127' title='bbox 478 1921 629 2001; x_wconf 71' lang='grc' dir='ltr'><em>βασιλέως</em></span> <span class='ocrx_word' id='word_1_128' title='bbox 645 1946 677 1987; x_wconf 86' lang='grc' dir='ltr'>τε</span> <span class='ocrx_word' id='word_1_129' title='bbox 691 1924 811 2001; x_wconf 76' lang='grc' dir='ltr'><em>καὶτῆς</em></span> <span class='ocrx_word' id='word_1_130' title='bbox 824 1921 996 2001; x_wconf 78' lang='grc' dir='ltr'><em>βασιλόδος,</em></span> <span class='ocrx_word' id='word_1_131' title='bbox 1023 1919 1165 1988; x_wconf 79' lang='grc' dir='ltr'><em>ἀλλὰκαὶ</em></span> <span class='ocrx_word' id='word_1_132' title='bbox 1179 1925 1335 2005; x_wconf 77' lang='grc' dir='ltr'><em>περιοβρι·</em></span> 
     </span>
     <span class='ocr_line' id='line_1_16' title="bbox 243 2010 1380 2111; baseline 0 -28"><span class='ocrx_word' id='word_1_133' title='bbox 243 2020 353 2101; x_wconf 80' lang='grc' dir='ltr'><em>σμόνος</em></span> <span class='ocrx_word' id='word_1_134' title='bbox 375 2020 514 2095; x_wconf 73' lang='grc' dir='ltr'><em>δνταῦθα</em></span> <span class='ocrx_word' id='word_1_135' title='bbox 536 2020 592 2089; x_wconf 76' lang='grc' dir='ltr'>ὑπ’</span> <span class='ocrx_word' id='word_1_136' title='bbox 609 2024 730 2111; x_wconf 79' lang='grc' dir='ltr'><em>ἀνδρῶν</em></span> <span class='ocrx_word' id='word_1_137' title='bbox 744 2023 1028 2106; x_wconf 8' lang='grc' dir='ltr'><em>μοχθηρῶνῆτειιαλ</em></span> <span class='ocrx_word' id='word_1_138' title='bbox 1044 2022 1210 2106; x_wconf 76' lang='grc' dir='ltr'><em>ἀγελαίαν,</em></span> <span class='ocrx_word' id='word_1_139' title='bbox 1232 2010 1333 2085; x_wconf 77' lang='grc' dir='ltr'><em>οἷἰιάδε</em></span> <span class='ocrx_word' id='word_1_140' title='bbox 1343 2030 1380 2084; x_wconf 85' lang='grc'>15</span> 
     </span>
     <span class='ocr_line' id='line_1_17' title="bbox 204 2119 1334 2213; baseline -0.005 -21"><span class='ocrx_word' id='word_1_141' title='bbox 204 2140 229 2192; x_wconf 89' lang='lat' dir='ltr'>D</span> <span class='ocrx_word' id='word_1_142' title='bbox 247 2122 328 2207; x_wconf 74' lang='grc' dir='ltr'>ἀμφὶ</span> <span class='ocrx_word' id='word_1_143' title='bbox 342 2126 444 2206; x_wconf 76' lang='grc' dir='ltr'><em>δείλην</em></span> <span class='ocrx_word' id='word_1_144' title='bbox 458 2126 554 2208; x_wconf 75' lang='grc' dir='ltr'><em>ὀψίαν</em></span> <span class='ocrx_word' id='word_1_145' title='bbox 568 2128 668 2193; x_wconf 78' lang='grc' dir='ltr'><em>ἀπιὼν</em></span> <span class='ocrx_word' id='word_1_146' title='bbox 691 2126 805 2213; x_wconf 77' lang='grc' dir='ltr'><em>ᾤχετο,</em></span> <span class='ocrx_word' id='word_1_147' title='bbox 834 2119 932 2205; x_wconf 85' lang='grc' dir='ltr'><em>συχνά</em></span> <span class='ocrx_word' id='word_1_148' title='bbox 955 2149 988 2188; x_wconf 83' lang='grc' dir='ltr'>τε</span> <span class='ocrx_word' id='word_1_149' title='bbox 1008 2119 1284 2210; x_wconf 68' lang='grc' dir='ltr'><em>περιστρεφόμενος</em></span> <span class='ocrx_word' id='word_1_150' title='bbox 1303 2120 1334 2187; x_wconf 76' lang='grc' dir='ltr'><em>ἔν</em></span> 
     </span>
     <span class='ocr_line' id='line_1_18' title="bbox 239 2222 1335 2315; baseline 0 -26"><span class='ocrx_word' id='word_1_151' title='bbox 239 2232 277 2311; x_wconf 79' lang='grc' dir='ltr'>τῇ</span> <span class='ocrx_word' id='word_1_152' title='bbox 300 2224 490 2310; x_wconf 76' lang='grc' dir='ltr'><em>ἀναχωρήσει</em></span> <span class='ocrx_word' id='word_1_153' title='bbox 516 2225 614 2315; x_wconf 83' lang='grc' dir='ltr'><em>ταότη</em></span> <span class='ocrx_word' id='word_1_154' title='bbox 638 2231 687 2292; x_wconf 86' lang='grc' dir='ltr'>καλ</span> <span class='ocrx_word' id='word_1_155' title='bbox 709 2222 883 2310; x_wconf 80' lang='grc' dir='ltr'><em>πανταχόσε</em></span> <span class='ocrx_word' id='word_1_156' title='bbox 898 2225 1191 2307; x_wconf 84' lang='grc' dir='ltr'><em>περιοιιοποόμενος,</em></span> <span class='ocrx_word' id='word_1_157' title='bbox 1219 2222 1335 2290; x_wconf 84' lang='grc' dir='ltr'><em>ὁπόθεν</em></span> 
     </span>
     <span class='ocr_line' id='line_1_19' title="bbox 240 2326 1442 2417; baseline 0 -26"><span class='ocrx_word' id='word_1_158' title='bbox 240 2330 315 2393; x_wconf 72' lang='grc' dir='ltr'><em>ποτὲ</em></span> <span class='ocrx_word' id='word_1_159' title='bbox 333 2326 517 2410; x_wconf 86' lang='grc' dir='ltr'><em>προσιόντας</em></span> <span class='ocrx_word' id='word_1_160' title='bbox 532 2330 616 2417; x_wconf 64' lang='lat' dir='ltr'>crispi</span> <span class='ocrx_word' id='word_1_161' title='bbox 632 2330 704 2405; x_wconf 85' lang='grc' dir='ltr'><em>τοδς</em></span> <span class='ocrx_word' id='word_1_162' title='bbox 720 2326 916 2404; x_wconf 84' lang='grc' dir='ltr'><em>άπολλόντας</em></span> <span class='ocrx_word' id='word_1_163' title='bbox 934 2328 1005 2393; x_wconf 75' lang='grc' dir='ltr'><em>ἴδοι.</em></span> <span class='ocrx_word' id='word_1_164' title='bbox 1059 2330 1113 2405; x_wconf 79' lang='grc' dir='ltr'><em>ξόν</em></span> <span class='ocrx_word' id='word_1_165' title='bbox 1134 2326 1232 2414; x_wconf 80' lang='grc' dir='ltr'><em>ταότῃ</em></span> <span class='ocrx_word' id='word_1_166' title='bbox 1247 2353 1279 2392; x_wconf 88' lang='grc' dir='ltr'>τε</span> <span class='ocrx_word' id='word_1_167' title='bbox 1296 2332 1335 2413; x_wconf 85' lang='grc' dir='ltr'>τῇ</span> <span class='ocrx_word' id='word_1_168' title='bbox 1436 2398 1442 2405; x_wconf 57' lang='grc'><em>,</em></span> 
     </span>
     <span class='ocr_line' id='line_1_20' title="bbox 242 2425 1335 2520; baseline 0 -25"><span class='ocrx_word' id='word_1_169' title='bbox 242 2429 379 2520; x_wconf 78' lang='grc' dir='ltr'><em>ὀρρωδίη</em></span> <span class='ocrx_word' id='word_1_170' title='bbox 401 2435 443 2505; x_wconf 75' lang='grc' dir='ltr'>εἷς</span> <span class='ocrx_word' id='word_1_171' title='bbox 462 2433 498 2497; x_wconf 84' lang='grc' dir='ltr'>τό</span> <span class='ocrx_word' id='word_1_172' title='bbox 520 2431 675 2513; x_wconf 83' lang='grc' dir='ltr'><em>δωμάτιον</em></span> <span class='ocrx_word' id='word_1_173' title='bbox 692 2432 811 2510; x_wconf 80' lang='grc' dir='ltr'><em>άναβιλς</em></span> <span class='ocrx_word' id='word_1_174' title='bbox 825 2433 872 2493; x_wconf 80' lang='grc' dir='ltr'><em>ε’πλ</em></span> <span class='ocrx_word' id='word_1_175' title='bbox 886 2437 942 2512; x_wconf 75' lang='grc' dir='ltr'>τῆς</span> <span class='ocrx_word' id='word_1_176' title='bbox 955 2425 1104 2511; x_wconf 83' lang='grc' dir='ltr'><em>στιβάδος</em></span> <span class='ocrx_word' id='word_1_177' title='bbox 1118 2436 1260 2514; x_wconf 81' lang='grc' dir='ltr'><em>καθῆστο</em></span> <span class='ocrx_word' id='word_1_178' title='bbox 1274 2425 1335 2511; x_wconf 88' lang='grc' dir='ltr'>μό-</span> 
     </span>
     <span class='ocr_line' id='line_1_21' title="bbox 238 2527 1383 2620; baseline 0 -24"><span class='ocrx_word' id='word_1_179' title='bbox 238 2559 301 2611; x_wconf 82' lang='grc' dir='ltr'><em>νος,</em></span> <span class='ocrx_word' id='word_1_180' title='bbox 328 2545 464 2617; x_wconf 80' lang='grc' dir='ltr'><em>γενναῖον</em></span> <span class='ocrx_word' id='word_1_181' title='bbox 478 2536 534 2615; x_wconf 69' lang='grc' dir='ltr'><em>μὲν</em></span> <span class='ocrx_word' id='word_1_182' title='bbox 551 2535 639 2599; x_wconf 71' lang='grc' dir='ltr'><em>οὐδὲν</em></span> <span class='ocrx_word' id='word_1_183' title='bbox 653 2527 777 2608; x_wconf 80' lang='grc' dir='ltr'><em>ἓννοιῖιν,</em></span> <span class='ocrx_word' id='word_1_184' title='bbox 806 2532 877 2603; x_wconf 69' lang='grc' dir='ltr'>οὐδὲ</span> <span class='ocrx_word' id='word_1_185' title='bbox 891 2532 937 2598; x_wconf 81' lang='grc' dir='ltr'><em>ὅτι</em></span> <span class='ocrx_word' id='word_1_186' title='bbox 951 2532 1029 2617; x_wconf 77' lang='grc' dir='ltr'><em>ἀνὴρ</em></span> <span class='ocrx_word' id='word_1_187' title='bbox 1044 2530 1168 2619; x_wconf 76' lang='grc' dir='ltr'><em>ἐγεγόνει</em></span> <span class='ocrx_word' id='word_1_188' title='bbox 1183 2534 1215 2598; x_wconf 75' lang='grc' dir='ltr'><em>ἔν</em></span> <span class='ocrx_word' id='word_1_189' title='bbox 1229 2530 1383 2620; x_wconf 71' lang='grc' dir='ltr'><em>μνῆμῃΞο</em></span> 
     </span>
     <span class='ocr_line' id='line_1_22' title="bbox 69 2632 1335 2726; baseline 0.002 -28"><span class='ocrx_word' id='word_1_190' title='bbox 69 2644 75 2655; x_wconf 89' lang='grc'><em>’</em></span> <span class='ocrx_word' id='word_1_191' title='bbox 150 2652 172 2703; x_wconf 83' lang='grc' dir='ltr'><strong>Α</strong></span> <span class='ocrx_word' id='word_1_192' title='bbox 192 2652 223 2704; x_wconf 88' lang='lat'>19</span> <span class='ocrx_word' id='word_1_193' title='bbox 241 2636 333 2717; x_wconf 72' lang='grc' dir='ltr'><em>δ’χιιιυ,</em></span> <span class='ocrx_word' id='word_1_194' title='bbox 359 2636 454 2720; x_wconf 76' lang='grc' dir='ltr'><em>λδριόν</em></span> <span class='ocrx_word' id='word_1_195' title='bbox 477 2638 510 2701; x_wconf 78' lang='grc' dir='ltr'>δὲ</span> <span class='ocrx_word' id='word_1_196' title='bbox 532 2637 578 2701; x_wconf 80' lang='grc' dir='ltr'>ἀεὶ</span> <span class='ocrx_word' id='word_1_197' title='bbox 600 2640 651 2701; x_wconf 80' lang='grc' dir='ltr'>καλ</span> <span class='ocrx_word' id='word_1_198' title='bbox 673 2639 805 2721; x_wconf 81' lang='grc' dir='ltr'><em>ῗλιγγιῶν</em></span> <span class='ocrx_word' id='word_1_199' title='bbox 819 2639 868 2699; x_wconf 83' lang='grc' dir='ltr'>καλ</span> <span class='ocrx_word' id='word_1_200' title='bbox 886 2636 940 2712; x_wconf 58' lang='lat' dir='ltr'>‘etv</span> <span class='ocrx_word' id='word_1_201' title='bbox 957 2635 1064 2726; x_wconf 79' lang='grc' dir='ltr'><em>τρόμῳ</em></span> <span class='ocrx_word' id='word_1_202' title='bbox 1079 2642 1183 2725; x_wconf 76' lang='grc' dir='ltr'><em>πολλῷ</em></span> <span class='ocrx_word' id='word_1_203' title='bbox 1198 2632 1335 2724; x_wconf 84' lang='grc' dir='ltr'><em>άποροό-</em></span> 
     </span>
    </p>
   </div>
   <div class='ocr_carea' id='block_1_3' title="bbox 276 2829 1368 3114">
    <p class='ocr_par' dir='ltr' id='par_1_3' title="bbox 311 2829 1336 2906">
     <span class='ocr_line' id='line_1_23' title="bbox 311 2829 1336 2906; baseline 0.001 -20"><span class='ocrx_word' id='word_1_204' title='bbox 311 2835 335 2886; x_wconf 87' lang='grc'>1.</span> <span class='ocrx_word' id='word_1_205' title='bbox 353 2829 439 2886; x_wconf 78' lang='grc' dir='ltr'><em>πολλοὶ</em></span> <span class='ocrx_word' id='word_1_206' title='bbox 457 2832 485 2888; x_wconf 79' lang='grc' dir='ltr'>ολ</span> <span class='ocrx_word' id='word_1_207' title='bbox 502 2834 563 2889; x_wconf 82' lang='lat' dir='ltr'>Vnt.</span> <span class='ocrx_word' id='word_1_208' title='bbox 581 2835 612 2887; x_wconf 88' lang='lat' dir='ltr'>P.</span> <span class='ocrx_word' id='word_1_209' title='bbox 647 2834 676 2888; x_wconf 82' lang='grc' dir='ltr'>οὶ</span> <span class='ocrx_word' id='word_1_210' title='bbox 693 2851 743 2887; x_wconf 83' lang='grc' dir='ltr'><em>σοι.</em></span> <span class='ocrx_word' id='word_1_211' title='bbox 760 2836 791 2886; x_wconf 86' lang='grc' dir='ltr'>Α.</span> <span class='ocrx_word' id='word_1_212' title='bbox 874 2900 877 2906; x_wconf 27' lang='lat'>¹</span> <span class='ocrx_word' id='word_1_213' title='bbox 905 2830 1195 2903; x_wconf 77' lang='grc' dir='ltr'><em>11.άναραάσασθαι]</em></span> <span class='ocrx_word' id='word_1_214' title='bbox 1214 2830 1336 2904; x_wconf 82' lang='grc' dir='ltr'><em>άναρτή-</em></span> 
     </span>
    </p>

    <p class='ocr_par' dir='ltr' id='par_1_4' title="bbox 308 2899 1335 2973">
     <span class='ocr_line' id='line_1_24' title="bbox 308 2899 1335 2973; baseline 0.001 -16"><span class='ocrx_word' id='word_1_215' title='bbox 308 2904 414 2957; x_wconf 78' lang='grc' dir='ltr'><em>σοοθαι</em></span> <span class='ocrx_word' id='word_1_216' title='bbox 431 2904 519 2957; x_wconf 84' lang='lat' dir='ltr'>Reisk.</span> <span class='ocrx_word' id='word_1_217' title='bbox 642 2908 682 2961; x_wconf 77' lang='lat'>13.</span> <span class='ocrx_word' id='word_1_218' title='bbox 701 2899 824 2971; x_wconf 75' lang='grc' dir='ltr'><em>εὕμινοῐν</em></span> <span class='ocrx_word' id='word_1_219' title='bbox 840 2912 887 2956; x_wconf 84' lang='lat' dir='ltr'>ent</span> <span class='ocrx_word' id='word_1_220' title='bbox 904 2900 1039 2971; x_wconf 75' lang='grc' dir='ltr'><em>εὐμενοῦς</em></span> <span class='ocrx_word' id='word_1_221' title='bbox 1054 2905 1183 2961; x_wconf 80' lang='lat' dir='ltr'>Reialrins.</span> <span class='ocrx_word' id='word_1_222' title='bbox 1216 2905 1335 2973; x_wconf 78' lang='lat' dir='ltr'>Legeba-</span> 
     </span>
    </p>

    <p class='ocr_par' dir='ltr' id='par_1_5' title="bbox 276 2971 1368 3114">
     <span class='ocr_line' id='line_1_25' title="bbox 310 2971 1335 3046; baseline 0.006 -21"><span class='ocrx_word' id='word_1_223' title='bbox 310 2978 354 3025; x_wconf 89' lang='lat' dir='ltr'>tur</span> <span class='ocrx_word' id='word_1_224' title='bbox 372 2971 502 3040; x_wconf 74' lang='grc' dir='ltr'><em>εὐμενῶς.</em></span> <span class='ocrx_word' id='word_1_225' title='bbox 613 2976 655 3029; x_wconf 88' lang='grc'>15.</span> <span class='ocrx_word' id='word_1_226' title='bbox 672 2972 789 3043; x_wconf 75' lang='lat' dir='ltr'>ateste]</span> <span class='ocrx_word' id='word_1_227' title='bbox 807 2971 836 3039; x_wconf 78' lang='grc' dir='ltr'>ἐς</span> <span class='ocrx_word' id='word_1_228' title='bbox 854 2976 946 3029; x_wconf 74' lang='grc' dir='ltr'><em>οἰκίαν</em></span> <span class='ocrx_word' id='word_1_229' title='bbox 964 2974 1024 3030; x_wconf 76' lang='lat' dir='ltr'>Vae</span> <span class='ocrx_word' id='word_1_230' title='bbox 1128 2977 1170 3031; x_wconf 83' lang='lat'>19.</span> <span class='ocrx_word' id='word_1_231' title='bbox 1188 2975 1335 3046; x_wconf 77' lang='grc' dir='ltr'><em>στιβάδος]</em></span> 
     </span>
     <span class='ocr_line' id='line_1_26' title="bbox 276 3038 1368 3114; baseline 0.005 -19"><span class='ocrx_word' id='word_1_232' title='bbox 276 3042 280 3048; x_wconf 89' lang='grc'><strong>’</strong></span> <span class='ocrx_word' id='word_1_233' title='bbox 312 3042 396 3112; x_wconf 79' lang='lat' dir='ltr'>Vulgo</span> <span class='ocrx_word' id='word_1_234' title='bbox 413 3038 571 3114; x_wconf 72' lang='grc' dir='ltr'><em>στοιβάδος.</em></span> <span class='ocrx_word' id='word_1_235' title='bbox 1358 3067 1368 3081; x_wconf 94' lang='grc'>·</span> 
     </span>
    </p>
   </div>
   <div class='ocr_carea' id='block_1_4' title="bbox 239 3214 1336 4465">
    <p class='ocr_par' dir='ltr' id='par_1_6' title="bbox 239 3214 1336 4465">
     <span class='ocr_line' id='line_1_27' title="bbox 242 3214 1336 3286; baseline 0.001 -18"><span class='ocrx_word' id='word_1_236' title='bbox 242 3231 292 3268; x_wconf 89' lang='lat' dir='ltr'>non</span> <span class='ocrx_word' id='word_1_237' title='bbox 311 3214 530 3282; x_wconf 74' lang='lat' dir='ltr'>cogitabundnrn,</span> <span class='ocrx_word' id='word_1_238' title='bbox 556 3231 586 3267; x_wconf 86' lang='lat' dir='ltr'>ac</span> <span class='ocrx_word' id='word_1_239' title='bbox 603 3214 718 3279; x_wconf 85' lang='lat' dir='ltr'>tristem,</span> <span class='ocrx_word' id='word_1_240' title='bbox 742 3214 793 3269; x_wconf 90' lang='lat' dir='ltr'>sibi</span> <span class='ocrx_word' id='word_1_241' title='bbox 807 3214 937 3269; x_wconf 83' lang='lat' dir='ltr'>timentem</span> <span class='ocrx_word' id='word_1_242' title='bbox 958 3214 1066 3270; x_wconf 86' lang='lat' dir='ltr'>insidias</span> <span class='ocrx_word' id='word_1_243' title='bbox 1083 3216 1246 3286; x_wconf 83' lang='lat' dir='ltr'>caedemque.</span> <span class='ocrx_word' id='word_1_244' title='bbox 1269 3215 1336 3269; x_wconf 83' lang='lat' dir='ltr'>.Sed</span> 
     </span>
     <span class='ocr_line' id='line_1_28' title="bbox 241 3284 1335 3353; baseline 0 -16"><span class='ocrx_word' id='word_1_245' title='bbox 241 3294 269 3337; x_wconf 83' lang='lat' dir='ltr'>et</span> <span class='ocrx_word' id='word_1_246' title='bbox 287 3288 403 3351; x_wconf 70' lang='lat' dir='ltr'>Augusta</span> <span class='ocrx_word' id='word_1_247' title='bbox 420 3302 535 3352; x_wconf 83' lang='lat' dir='ltr'>magnam</span> <span class='ocrx_word' id='word_1_248' title='bbox 553 3284 676 3353; x_wconf 80' lang='lat' dir='ltr'>pecuniae</span> <span class='ocrx_word' id='word_1_249' title='bbox 693 3284 759 3349; x_wconf 85' lang='lat' dir='ltr'>vim,</span> <span class='ocrx_word' id='word_1_250' title='bbox 785 3303 862 3353; x_wconf 87' lang='lat' dir='ltr'>quarn</span> <span class='ocrx_word' id='word_1_251' title='bbox 885 3286 911 3337; x_wconf 92' lang='lat' dir='ltr'>in</span> <span class='ocrx_word' id='word_1_252' title='bbox 935 3286 1068 3339; x_wconf 77' lang='lat' dir='ltr'><strong>Orientem</strong></span> <span class='ocrx_word' id='word_1_253' title='bbox 1091 3286 1218 3340; x_wconf 86' lang='lat' dir='ltr'>Belisaric</span> <span class='ocrx_word' id='word_1_254' title='bbox 1236 3284 1335 3340; x_wconf 85' lang='lat' dir='ltr'>servari</span> 
     </span>
     <span class='ocr_line' id='line_1_29' title="bbox 242 3353 1335 3425; baseline -0.002 -19"><span class='ocrx_word' id='word_1_255' title='bbox 242 3354 372 3417; x_wconf 75' lang='lat' dir='ltr'>audierat,</span> <span class='ocrx_word' id='word_1_256' title='bbox 399 3355 517 3406; x_wconf 86' lang='lat' dir='ltr'>eunucho</span> <span class='ocrx_word' id='word_1_257' title='bbox 542 3353 662 3421; x_wconf 78' lang='lat' dir='ltr'>quopiam</span> <span class='ocrx_word' id='word_1_258' title='bbox 688 3370 720 3407; x_wconf 84' lang='lat' dir='ltr'>ex</span> <span class='ocrx_word' id='word_1_259' title='bbox 745 3353 824 3421; x_wconf 85' lang='lat' dir='ltr'>regiis</span> <span class='ocrx_word' id='word_1_260' title='bbox 849 3354 996 3419; x_wconf 88' lang='lat' dir='ltr'>destinato,</span> <span class='ocrx_word' id='word_1_261' title='bbox 1020 3356 1122 3425; x_wconf 82' lang='lat' dir='ltr'>curavit</span> <span class='ocrx_word' id='word_1_262' title='bbox 1138 3355 1335 3409; x_wconf 83' lang='lat' dir='ltr'>convehendam.</span> 
     </span>
     <span class='ocr_line' id='line_1_30' title="bbox 241 3422 1334 3495; baseline 0 -21"><span class='ocrx_word' id='word_1_263' title='bbox 241 3422 315 3474; x_wconf 84' lang='lat' dir='ltr'>Haec</span> <span class='ocrx_word' id='word_1_264' title='bbox 332 3423 484 3491; x_wconf 78' lang='lat' dir='ltr'>imperatrix</span> <span class='ocrx_word' id='word_1_265' title='bbox 502 3422 527 3475; x_wconf 90' lang='lat' dir='ltr'>in</span> <span class='ocrx_word' id='word_1_266' title='bbox 548 3423 656 3489; x_wconf 79' lang='lat' dir='ltr'>gratiam</span> <span class='ocrx_word' id='word_1_267' title='bbox 675 3424 818 3476; x_wconf 82' lang='lat' dir='ltr'>Antoninae</span> <span class='ocrx_word' id='word_1_268' title='bbox 836 3424 959 3477; x_wconf 85' lang='lat' dir='ltr'>Belisaric</span> <span class='ocrx_word' id='word_1_269' title='bbox 978 3426 1079 3495; x_wconf 88' lang='lat' dir='ltr'>quidem</span> <span class='ocrx_word' id='word_1_270' title='bbox 1096 3426 1222 3489; x_wconf 75' lang='lat' dir='ltr'>intensae,</span> <span class='ocrx_word' id='word_1_271' title='bbox 1239 3441 1334 3476; x_wconf 83' lang='lat' dir='ltr'>summo</span> 
     </span>
     <span class='ocr_line' id='line_1_31' title="bbox 242 3491 1335 3564; baseline 0.001 -21"><span class='ocrx_word' id='word_1_272' title='bbox 242 3502 326 3544; x_wconf 85' lang='lat' dir='ltr'>autern</span> <span class='ocrx_word' id='word_1_273' title='bbox 344 3492 394 3559; x_wconf 74' lang='lat' dir='ltr'>sipi</span> <span class='ocrx_word' id='word_1_274' title='bbox 412 3496 497 3545; x_wconf 88' lang='lat' dir='ltr'>amor&#39;e</span> <span class='ocrx_word' id='word_1_275' title='bbox 514 3499 541 3543; x_wconf 89' lang='lat' dir='ltr'>et</span> <span class='ocrx_word' id='word_1_276' title='bbox 559 3491 747 3545; x_wconf 72' lang='lat' dir='ltr'>necessitudine</span> <span class='ocrx_word' id='word_1_277' title='bbox 766 3495 918 3559; x_wconf 71' lang='lat' dir='ltr'>devinctae,</span> <span class='ocrx_word' id='word_1_278' title='bbox 947 3495 980 3546; x_wconf 86' lang='lat' dir='ltr'>ab</span> <span class='ocrx_word' id='word_1_279' title='bbox 1003 3512 1126 3564; x_wconf 85' lang='lat' dir='ltr'>nupernm</span> <span class='ocrx_word' id='word_1_280' title='bbox 1145 3494 1246 3549; x_wconf 79' lang='lat' dir='ltr'>loannis</span> <span class='ocrx_word' id='word_1_281' title='bbox 1263 3493 1335 3560; x_wconf 85' lang='lat' dir='ltr'>Cap-</span> 
     </span>
     <span class='ocr_line' id='line_1_32' title="bbox 242 3559 1333 3631; baseline 0.003 -21"><span class='ocrx_word' id='word_1_282' title='bbox 242 3559 348 3629; x_wconf 83' lang='lat' dir='ltr'>padocis</span> <span class='ocrx_word' id='word_1_283' title='bbox 372 3560 467 3613; x_wconf 85' lang='lat' dir='ltr'>ruinam</span> <span class='ocrx_word' id='word_1_284' title='bbox 493 3561 594 3613; x_wconf 90' lang='lat' dir='ltr'>curavit</span> <span class='ocrx_word' id='word_1_285' title='bbox 617 3579 648 3612; x_wconf 86' lang='lat' dir='ltr'>en</span> <span class='ocrx_word' id='word_1_286' title='bbox 672 3562 796 3625; x_wconf 88' lang='lat' dir='ltr'>consilio,</span> <span class='ocrx_word' id='word_1_287' title='bbox 818 3575 848 3614; x_wconf 86' lang='lat' dir='ltr'>ut</span> <span class='ocrx_word' id='word_1_288' title='bbox 872 3564 893 3613; x_wconf 90' lang='lat' dir='ltr'>si</span> <span class='ocrx_word' id='word_1_289' title='bbox 917 3564 1019 3631; x_wconf 78' lang='lat' dir='ltr'>quando</span> <span class='ocrx_word' id='word_1_290' title='bbox 1043 3564 1087 3616; x_wconf 85' lang='lat' dir='ltr'>illa</span> <span class='ocrx_word' id='word_1_291' title='bbox 1111 3566 1242 3617; x_wconf 87' lang='lat' dir='ltr'>videretur</span> <span class='ocrx_word' id='word_1_292' title='bbox 1262 3578 1333 3613; x_wconf 88' lang='lat' dir='ltr'>reum</span> 
     </span>
     <span class='ocr_line' id='line_1_33' title="bbox 240 3628 1336 3700; baseline 0 -19"><span class='ocrx_word' id='word_1_293' title='bbox 240 3628 371 3697; x_wconf 76' lang='lat' dir='ltr'>coniugem</span> <span class='ocrx_word' id='word_1_294' title='bbox 389 3629 439 3681; x_wconf 89' lang='lat' dir='ltr'>sibi</span> <span class='ocrx_word' id='word_1_295' title='bbox 456 3628 610 3696; x_wconf 84' lang='lat' dir='ltr'>deposcere,</span> <span class='ocrx_word' id='word_1_296' title='bbox 637 3637 665 3681; x_wconf 91' lang='lat' dir='ltr'>et</span> <span class='ocrx_word' id='word_1_297' title='bbox 684 3648 699 3681; x_wconf 91' lang='lat' dir='ltr'>e</span> <span class='ocrx_word' id='word_1_298' title='bbox 717 3632 797 3683; x_wconf 87' lang='lat' dir='ltr'>tantis</span> <span class='ocrx_word' id='word_1_299' title='bbox 814 3632 942 3683; x_wconf 85' lang='lat' dir='ltr'>aerumnis</span> <span class='ocrx_word' id='word_1_300' title='bbox 967 3648 1045 3700; x_wconf 86' lang='lat' dir='ltr'>posse</span> <span class='ocrx_word' id='word_1_301' title='bbox 1063 3634 1204 3693; x_wconf 79' lang='lat' dir='ltr'>vindicare3</span> <span class='ocrx_word' id='word_1_302' title='bbox 1226 3632 1276 3683; x_wconf 87' lang='lat' dir='ltr'>ism</span> <span class='ocrx_word' id='word_1_303' title='bbox 1293 3632 1336 3682; x_wconf 91' lang='lat' dir='ltr'>vir</span> 
     </span>
     <span class='ocr_line' id='line_1_34' title="bbox 239 3696 1335 3769; baseline 0.004 -21"><span class='ocrx_word' id='word_1_304' title='bbox 239 3698 283 3749; x_wconf 90' lang='lat' dir='ltr'>ille</span> <span class='ocrx_word' id='word_1_305' title='bbox 306 3698 407 3751; x_wconf 83' lang='grc' dir='ltr'><em>οιιιίιλιιο</em></span> <span class='ocrx_word' id='word_1_306' title='bbox 432 3696 629 3762; x_wconf 79' lang='lat' dir='ltr'>afflictissinnus,</span> <span class='ocrx_word' id='word_1_307' title='bbox 655 3716 704 3751; x_wconf 89' lang='lat' dir='ltr'>non</span> <span class='ocrx_word' id='word_1_308' title='bbox 728 3701 803 3751; x_wconf 87' lang='lat' dir='ltr'>mado</span> <span class='ocrx_word' id='word_1_309' title='bbox 826 3701 978 3753; x_wconf 81' lang='lat' dir='ltr'>simultatem</span> <span class='ocrx_word' id='word_1_310' title='bbox 1001 3720 1057 3754; x_wconf 89' lang='lat' dir='ltr'>curn</span> <span class='ocrx_word' id='word_1_311' title='bbox 1076 3703 1204 3755; x_wconf 79' lang='lat' dir='ltr'>Antonine</span> <span class='ocrx_word' id='word_1_312' title='bbox 1220 3700 1335 3769; x_wconf 89' lang='lat' dir='ltr'>depone·</span> 
     </span>
     <span class='ocr_line' id='line_1_35' title="bbox 242 3766 1336 3847; baseline 0.003 -28"><span class='ocrx_word' id='word_1_313' title='bbox 242 3776 298 3819; x_wconf 86' lang='lat' dir='ltr'>ret:</span> <span class='ocrx_word' id='word_1_314' title='bbox 322 3766 367 3818; x_wconf 88' lang='lat' dir='ltr'>sed</span> <span class='ocrx_word' id='word_1_315' title='bbox 386 3768 468 3836; x_wconf 82' lang='lat' dir='ltr'>palam</span> <span class='ocrx_word' id='word_1_316' title='bbox 486 3768 558 3847; x_wconf 83' lang='lat' dir='ltr'>qpasi</span> <span class='ocrx_word' id='word_1_317' title='bbox 576 3780 704 3821; x_wconf 81' lang='lat' dir='ltr'>servatum</span> <span class='ocrx_word' id='word_1_318' title='bbox 722 3769 874 3837; x_wconf 80' lang='lat' dir='ltr'>mancipium</span> <span class='ocrx_word' id='word_1_319' title='bbox 895 3770 966 3823; x_wconf 89' lang='lat' dir='ltr'>velut</span> <span class='ocrx_word' id='word_1_320' title='bbox 984 3790 1031 3841; x_wconf 90' lang='lat' dir='ltr'>per</span> <span class='ocrx_word' id='word_1_321' title='bbox 1049 3772 1199 3839; x_wconf 84' lang='lat' dir='ltr'>triumphum</span> <span class='ocrx_word' id='word_1_322' title='bbox 1215 3770 1336 3823; x_wconf 75' lang='lat' dir='ltr'>trebere-</span> 
     </span>
     <span class='ocr_line' id='line_1_36' title="bbox 241 3836 1335 3904; baseline 0.002 -17"><span class='ocrx_word' id='word_1_323' title='bbox 241 3842 292 3888; x_wconf 90' lang='lat' dir='ltr'>tnr.</span> <span class='ocrx_word' id='word_1_324' title='bbox 329 3836 406 3898; x_wconf 81' lang='lat' dir='ltr'>Quod</span> <span class='ocrx_word' id='word_1_325' title='bbox 425 3836 461 3889; x_wconf 87' lang='lat' dir='ltr'>ita</span> <span class='ocrx_word' id='word_1_326' title='bbox 481 3848 610 3904; x_wconf 83' lang='lat' dir='ltr'>peractum</span> <span class='ocrx_word' id='word_1_327' title='bbox 629 3847 675 3888; x_wconf 88' lang='lat' dir='ltr'>est.</span> <span class='ocrx_word' id='word_1_328' title='bbox 712 3840 790 3891; x_wconf 87' lang='lat' dir='ltr'>illane</span> <span class='ocrx_word' id='word_1_329' title='bbox 808 3840 966 3904; x_wconf 70' lang='lat' dir='ltr'>licinanius,</span> <span class='ocrx_word' id='word_1_330' title='bbox 988 3849 1019 3893; x_wconf 91' lang='lat' dir='ltr'>nt</span> <span class='ocrx_word' id='word_1_331' title='bbox 1035 3840 1071 3893; x_wconf 87' lang='lat' dir='ltr'>ilii</span> <span class='ocrx_word' id='word_1_332' title='bbox 1089 3857 1141 3891; x_wconf 89' lang='lat' dir='ltr'>mos</span> <span class='ocrx_word' id='word_1_333' title='bbox 1158 3849 1230 3903; x_wconf 86' lang='lat' dir='ltr'>erat,</span> <span class='ocrx_word' id='word_1_334' title='bbox 1246 3842 1274 3891; x_wconf 89' lang='lat' dir='ltr'>in</span> <span class='ocrx_word' id='word_1_335' title='bbox 1293 3856 1335 3889; x_wconf 90' lang='lat' dir='ltr'>re-</span> 
     </span>
     <span class='ocr_line' id='line_1_37' title="bbox 240 3906 1334 3978; baseline 0.004 -23"><span class='ocrx_word' id='word_1_336' title='bbox 240 3907 307 3971; x_wconf 64' lang='lat' dir='ltr'>giam</span> <span class='ocrx_word' id='word_1_337' title='bbox 332 3906 420 3969; x_wconf 88' lang='lat' dir='ltr'>venit,</span> <span class='ocrx_word' id='word_1_338' title='bbox 445 3906 548 3957; x_wconf 76' lang='lat' dir='ltr'>famulis</span> <span class='ocrx_word' id='word_1_339' title='bbox 570 3906 682 3973; x_wconf 83' lang='lat' dir='ltr'>stipatus</span> <span class='ocrx_word' id='word_1_340' title='bbox 709 3906 861 3977; x_wconf 81' lang='lat' dir='ltr'>perpaucis,</span> <span class='ocrx_word' id='word_1_341' title='bbox 886 3917 963 3978; x_wconf 88' lang='lat' dir='ltr'>atque</span> <span class='ocrx_word' id='word_1_342' title='bbox 980 3910 1013 3962; x_wconf 88' lang='lat' dir='ltr'>iis</span> <span class='ocrx_word' id='word_1_343' title='bbox 1031 3909 1138 3978; x_wconf 85' lang='lat' dir='ltr'>abiectis</span> <span class='ocrx_word' id='word_1_344' title='bbox 1161 3918 1189 3961; x_wconf 90' lang='lat' dir='ltr'>et</span> <span class='ocrx_word' id='word_1_345' title='bbox 1212 3907 1334 3962; x_wconf 88' lang='lat' dir='ltr'>sordidis.</span> 
     </span>
     <span class='ocr_line' id='line_1_38' title="bbox 241 3974 1335 4047; baseline 0.003 -23"><span class='ocrx_word' id='word_1_346' title='bbox 241 3974 375 4027; x_wconf 85' lang='lat' dir='ltr'>Conventn</span> <span class='ocrx_word' id='word_1_347' title='bbox 393 3977 507 4027; x_wconf 78' lang='lat' dir='ltr'>Caesare</span> <span class='ocrx_word' id='word_1_348' title='bbox 533 3985 560 4031; x_wconf 85' lang='lat' dir='ltr'>et</span> <span class='ocrx_word' id='word_1_349' title='bbox 578 3980 719 4042; x_wconf 55' lang='lat' dir='ltr'>&#39;Anguem</span> <span class='ocrx_word' id='word_1_350' title='bbox 743 3977 887 4046; x_wconf 88' lang='lat' dir='ltr'>nullamque</span> <span class='ocrx_word' id='word_1_351' title='bbox 903 3980 929 4030; x_wconf 91' lang='lat' dir='ltr'>in</span> <span class='ocrx_word' id='word_1_352' title='bbox 946 3980 996 4031; x_wconf 92' lang='lat' dir='ltr'>illis</span> <span class='ocrx_word' id='word_1_353' title='bbox 1013 3987 1136 4044; x_wconf 81' lang='lat' dir='ltr'>expertus</span> <span class='ocrx_word' id='word_1_354' title='bbox 1153 3996 1217 4047; x_wconf 80' lang='lat' dir='ltr'>erga</span> <span class='ocrx_word' id='word_1_355' title='bbox 1233 3995 1261 4029; x_wconf 91' lang='lat' dir='ltr'>se</span> <span class='ocrx_word' id='word_1_356' title='bbox 1278 3976 1335 4028; x_wconf 85' lang='lat' dir='ltr'>ani-</span> 
     </span>
     <span class='ocr_line' id='line_1_39' title="bbox 240 4042 1335 4115; baseline 0 -20"><span class='ocrx_word' id='word_1_357' title='bbox 240 4043 273 4095; x_wconf 88' lang='lat' dir='ltr'>mi</span> <span class='ocrx_word' id='word_1_358' title='bbox 292 4044 512 4107; x_wconf 67' lang='lat' dir='ltr'>benevolentiam</span> <span class='ocrx_word' id='word_1_359' title='bbox 539 4042 599 4112; x_wconf 86' lang='lat' dir='ltr'>quin</span> <span class='ocrx_word' id='word_1_360' title='bbox 618 4054 727 4115; x_wconf 80' lang='lat' dir='ltr'>accepte</span> <span class='ocrx_word' id='word_1_361' title='bbox 743 4046 806 4097; x_wconf 91' lang='lat' dir='ltr'>inibi</span> <span class='ocrx_word' id='word_1_362' title='bbox 825 4050 977 4100; x_wconf 81' lang='lat' dir='ltr'>contumelia</span> <span class='ocrx_word' id='word_1_363' title='bbox 994 4050 1027 4099; x_wconf 84' lang='lat' dir='ltr'>ab</span> <span class='ocrx_word' id='word_1_364' title='bbox 1045 4046 1189 4099; x_wconf 85' lang='lat' dir='ltr'>horninibus</span> <span class='ocrx_word' id='word_1_365' title='bbox 1207 4045 1335 4098; x_wconf 77' lang='lat' dir='ltr'>vilissimis</span> 
     </span>
     <span class='ocr_line' id='line_1_40' title="bbox 240 4114 1333 4186; baseline 0.003 -22"><span class='ocrx_word' id='word_1_366' title='bbox 240 4120 317 4181; x_wconf 86' lang='lat' dir='ltr'>atque</span> <span class='ocrx_word' id='word_1_367' title='bbox 337 4114 444 4166; x_wconf 81' lang='lat' dir='ltr'>nefariis</span> <span class='ocrx_word' id='word_1_368' title='bbox 452 4155 464 4177; x_wconf 78' lang='lat'>„</span> <span class='ocrx_word' id='word_1_369' title='bbox 482 4115 530 4165; x_wconf 88' lang='lat' dir='ltr'>sub</span> <span class='ocrx_word' id='word_1_370' title='bbox 553 4132 687 4182; x_wconf 82' lang='lat' dir='ltr'>vespernrn</span> <span class='ocrx_word' id='word_1_371' title='bbox 705 4133 733 4168; x_wconf 90' lang='lat' dir='ltr'>se</span> <span class='ocrx_word' id='word_1_372' title='bbox 751 4115 851 4169; x_wconf 81' lang='lat' dir='ltr'>domum</span> <span class='ocrx_word' id='word_1_373' title='bbox 869 4116 984 4186; x_wconf 88' lang='lat' dir='ltr'>recepit,</span> <span class='ocrx_word' id='word_1_374' title='bbox 1011 4116 1038 4167; x_wconf 92' lang='lat' dir='ltr'>in</span> <span class='ocrx_word' id='word_1_375' title='bbox 1058 4118 1102 4169; x_wconf 86' lang='lat' dir='ltr'>via</span> <span class='ocrx_word' id='word_1_376' title='bbox 1119 4117 1257 4174; x_wconf 78' lang='lat' dir='ltr'>identidem</span> <span class='ocrx_word' id='word_1_377' title='bbox 1273 4131 1333 4167; x_wconf 82' lang='lat' dir='ltr'>sese</span> 
     </span>
     <span class='ocr_line' id='line_1_41' title="bbox 239 4184 1334 4256; baseline 0.001 -23"><span class='ocrx_word' id='word_1_378' title='bbox 239 4190 406 4245; x_wconf 84' lang='lat' dir='ltr'>convertens,</span> <span class='ocrx_word' id='word_1_379' title='bbox 432 4191 459 4235; x_wconf 94' lang='lat' dir='ltr'>et</span> <span class='ocrx_word' id='word_1_380' title='bbox 478 4184 526 4235; x_wconf 84' lang='lat' dir='ltr'>huc</span> <span class='ocrx_word' id='word_1_381' title='bbox 545 4191 624 4253; x_wconf 71' lang='lat' dir='ltr'>atque</span> <span class='ocrx_word' id='word_1_382' title='bbox 642 4184 700 4236; x_wconf 90' lang='lat' dir='ltr'>illuc</span> <span class='ocrx_word' id='word_1_383' title='bbox 718 4184 950 4256; x_wconf 84' lang='lat' dir='ltr'>circumspectans,</span> <span class='ocrx_word' id='word_1_384' title='bbox 968 4185 1075 4238; x_wconf 90' lang='lat' dir='ltr'>sicunde</span> <span class='ocrx_word' id='word_1_385' title='bbox 1090 4187 1193 4239; x_wconf 86' lang='lat' dir='ltr'>videret</span> <span class='ocrx_word' id='word_1_386' title='bbox 1209 4187 1277 4237; x_wconf 87' lang='lat' dir='ltr'>inse</span> <span class='ocrx_word' id='word_1_387' title='bbox 1295 4184 1334 4235; x_wconf 88' lang='lat' dir='ltr'>ir-</span> 
     </span>
     <span class='ocr_line' id='line_1_42' title="bbox 241 4251 1335 4310; baseline 0.001 -7"><span class='ocrx_word' id='word_1_388' title='bbox 241 4258 344 4303; x_wconf 77' lang='lat' dir='ltr'>ruentes</span> <span class='ocrx_word' id='word_1_389' title='bbox 362 4251 394 4301; x_wconf 88' lang='grc' dir='ltr'>ιιδ</span> <span class='ocrx_word' id='word_1_390' title='bbox 413 4253 518 4305; x_wconf 84' lang='lat' dir='ltr'>caedem</span> <span class='ocrx_word' id='word_1_391' title='bbox 534 4252 656 4305; x_wconf 80' lang='lat' dir='ltr'>sicarios:</span> <span class='ocrx_word' id='word_1_392' title='bbox 673 4271 813 4307; x_wconf 86' lang='lat' dir='ltr'>conscenso</span> <span class='ocrx_word' id='word_1_393' title='bbox 828 4255 945 4307; x_wconf 82' lang='lat' dir='ltr'>cubiculo</span> <span class='ocrx_word' id='word_1_394' title='bbox 957 4257 1138 4310; x_wconf 88' lang='lat' dir='ltr'>tremebundus</span> <span class='ocrx_word' id='word_1_395' title='bbox 1154 4255 1182 4307; x_wconf 90' lang='lat' dir='ltr'>in</span> <span class='ocrx_word' id='word_1_396' title='bbox 1199 4261 1259 4307; x_wconf 85' lang='lat' dir='ltr'>tare</span> <span class='ocrx_word' id='word_1_397' title='bbox 1271 4270 1335 4305; x_wconf 86' lang='lat' dir='ltr'>con-</span> 
     </span>
     <span class='ocr_line' id='line_1_43' title="bbox 241 4319 1334 4394; baseline 0.002 -22"><span class='ocrx_word' id='word_1_398' title='bbox 241 4320 311 4372; x_wconf 85' lang='lat' dir='ltr'>sedit</span> <span class='ocrx_word' id='word_1_399' title='bbox 326 4319 410 4383; x_wconf 89' lang='lat' dir='ltr'>sulns,</span> <span class='ocrx_word' id='word_1_400' title='bbox 437 4321 499 4374; x_wconf 87' lang='lat' dir='ltr'>nihil</span> <span class='ocrx_word' id='word_1_401' title='bbox 516 4321 598 4374; x_wconf 87' lang='lat' dir='ltr'>animo</span> <span class='ocrx_word' id='word_1_402' title='bbox 616 4340 722 4377; x_wconf 82' lang='lat' dir='ltr'>versans</span> <span class='ocrx_word' id='word_1_403' title='bbox 743 4326 812 4394; x_wconf 86' lang='lat' dir='ltr'>quod</span> <span class='ocrx_word' id='word_1_404' title='bbox 831 4326 912 4376; x_wconf 85' lang='lat' dir='ltr'>virnrn</span> <span class='ocrx_word' id='word_1_405' title='bbox 930 4323 1023 4376; x_wconf 85' lang='lat' dir='ltr'>fortem</span> <span class='ocrx_word' id='word_1_406' title='bbox 1041 4326 1162 4388; x_wconf 84' lang='lat' dir='ltr'>deceret,</span> <span class='ocrx_word' id='word_1_407' title='bbox 1189 4322 1288 4392; x_wconf 83' lang='lat' dir='ltr'>qualem</span> <span class='ocrx_word' id='word_1_408' title='bbox 1305 4329 1334 4374; x_wconf 87' lang='lat' dir='ltr'>et</span> 
     </span>
     <span class='ocr_line' id='line_1_44' title="bbox 239 4389 1335 4465; baseline 0.002 -24"><span class='ocrx_word' id='word_1_409' title='bbox 239 4406 268 4443; x_wconf 92' lang='lat' dir='ltr'>se</span> <span class='ocrx_word' id='word_1_410' title='bbox 285 4389 365 4465; x_wconf 81' lang='lat' dir='ltr'>inisse</span> <span class='ocrx_word' id='word_1_411' title='bbox 383 4390 486 4460; x_wconf 88' lang='lat' dir='ltr'>penitus</span> <span class='ocrx_word' id='word_1_412' title='bbox 501 4390 718 4447; x_wconf 82' lang='lat' dir='ltr'>obliviscebatur:</span> <span class='ocrx_word' id='word_1_413' title='bbox 748 4394 795 4447; x_wconf 84' lang='lat' dir='ltr'>aed</span> <span class='ocrx_word' id='word_1_414' title='bbox 812 4403 934 4447; x_wconf 86' lang='lat' dir='ltr'>aestuare</span> <span class='ocrx_word' id='word_1_415' title='bbox 950 4394 984 4447; x_wconf 83' lang='lat' dir='ltr'>ad</span> <span class='ocrx_word' id='word_1_416' title='bbox 1001 4394 1139 4458; x_wconf 88' lang='lat' dir='ltr'>sudorem,</span> <span class='ocrx_word' id='word_1_417' title='bbox 1165 4394 1335 4447; x_wconf 76' lang='lat' dir='ltr'>tremefactus</span> 
     </span>
    </p>
   </div>
   <div class='ocr_carea' id='block_1_5' title="bbox 0 0 1568 4959">
    <p class='ocr_par' dir='ltr' id='par_1_7' title="bbox 0 0 1568 4959">
     <span class='ocr_line' id='line_1_45' title="bbox 0 0 1568 4959; baseline 0 2"><span class='ocrx_word' id='word_1_418' title='bbox 0 0 1568 4959; x_wconf 95' lang='lat' dir='ltr'> </span> 
     </span>
    </p>
   </div>
  </div>
 </body>
</html>
