3125 4959
494 447 700 515 ,ALEhhtNNt
720 448 979 517 PISSER'PATIO.
1221 480 1292 523 ιτιι

191 618 296 708 gradun
309 615 439 684 aboleuit.
483 617 721 681 Sceleratissimos
739 640 871 705 ¹quosque
891 641 1005 707 semper
1027 624 1063 687 ad
1084 622 1234 706 dignitates
1258 650 1294 692 ae

190 721 366 809 magistratus
379 720 487 797 evexit,
512 722 583 785 inter
597 720 650 786 hos
663 720 809 798 Acacium,
831 722 874 786 cui
891 736 954 807 post
972 729 1304 813 caesomAmanaspem‚,

180 824 340 889 'Amneniee
354 821 496 908 imperium
509 822 661 895 concessit:
683 834 712 887 et
734 824 864 887 loannem
880 824 996 900 Zibum‚
1017 828 1063 911 qui
1088 842 1116 891 ut
1136 831 1286 897 cotrhtau
1302 832 1325 885 Ρ
1342 832 1366 885 Χ

190 925 343 990 chosroem
357 924 509 989 «inficerent
525 937 603 989 autor
616 925 674 989 init.
716 925 808 1001 Haec,
830 927 937 1012 aliaque
954 928 1095 1015 complura
1116 932 1145 995 in
1157 932 1280 1008 historia,
1300 946 1320 999 Α
1338 944 1356 998 8

188 1049 270 1113 quam
299 1026 448 1099 Iustiniano
492 1026 642 1114 legendam
683 1026 833 1115 Procopius
875 1028 1001 1106 ostitit,
1039 1031 1194 1119 eodemque
1225 1034 1291 1100 uiuo

189 1128 348 1215 publicavit.

272 1248 374 1336 Neque
394 1263 574 1337 posteaquam
595 1249 614 1313 ii
634 1247 822 1314 commentarii
843 1248 952 1325 emissi,
977 1261 1060 1338 atque
1081 1254 1224 1321 multorum
1243 1279 1288 1321 ca·

188 1349 298 1415 hnmniis
319 1363 348 1415 et
368 1350 624 1430 obtrectationibus,
654 1364 683 1417 ut
711 1352 801 1416 ferme
820 1352 932 1426 accidit,
956 1354 1076 1440 expositi
1097 1369 1174 1431 suut,
1199 1358 1288 1423 offerr-

188 1450 260 1516 sieni
286 1450 433 1539 aliquando
457 1451 607 1519 iustiniano
633 1454 754 1531 fuerunt,
785 1456 832 1518 uei
850 1464 984 1520 'creamut
1012 1458 1099 1521 autori
1122 1460 1287 1543 periurium:

186 1552 244 1617 imo
259 1575 313 1617 non
334 1554 379 1618 diu
400 1566 463 1639 post
478 1568 606 1619 octauum
619 1556 768 1641 Procopius
792 1556 891 1621 librum
916 1558 1017 1633 edidit,
1046 1559 1074 1622 in
1100 1582 1155 1645 quo
1182 1560 1219 1623 ab
1248 1562 1287 1625 iu·

184 1655 323 1718 sectandis
347 1656 528 1743 notandisque
547 1656 686 1721 iustiniani
707 1656 865 1722 criminibus
883 1658 972 1722 nihiio
987 1658 1085 1745 magis·
1098 1683 1179 1745 quarn
1206 1677 1288 1726 antea

184 1756 323 1823 abstinuit.
366 1760 438 1823 Naur
466 1760 563 1825 iterum
584 1758 720 1846 stipendia
743 1759 872 1823 militibus
897 1774 1003 1848 negata
1029 1760 1160 1839 incuicat;
1190 1763 1289 1830 iterum

185 1860 333 1945 neglectos
353 1860 421 1926 beiti
442 1872 590 1947 apparatus
608 1873 818 1935 commemoratu
846 1860 943 1925 iterum
968 1862 1109 1926 Iustiniani
1133 1866 1283 1948 prodigen-

184 1962 252 2025 tiam
268 1962 296 2026 in
311 1962 476 2051 excipiendo
491 1962 669 2027 fastosissimo
682 1962 809 2027 barbaro
828 1961 957 2048 Iniquus
973 1963 1118 2028 Persarum
1132 1966 1221 2051 Regis
1242 1966 1282 2029 ie·

184 2077 257 2149 gato
273 2064 424 2151 uituperat;
449 2064 525 2128 addit
540 2062 589 2127 bie
610 2086 680 2128 vcro
693 2085 743 2129 eas
757 2066 867 2129 domum
885 2064 1012 2128 rerutisss
1030 2065 1066 2128 ab
1081 2065 1227 2131 iustiniano
1242 2069 1283 2132 di·

184 2166 283 2241 uitias,
327 2168 425 2254 quibus
456 2165 677 2252 opulentissimos
720 2187 843 2255 quosque
879 2167 1023 2230 Persarum
1060 2167 1144 2242 iaciio
1181 2169 1285 2234 deiude

183 2266 331 2352 superarit.
374 2270 489 2333 Praeter
504 2268 576 2332 haeo
590 2290 649 2332 rem
674 2270 857 2336 Romanorum
875 2269 926 2333 sub
948 2270 1095 2334 iustiniano
1118 2292 1154 2334 eo
1168 2270 1223 2334 loci
1236 2294 1283 2336 ve

182 2368 260 2431 nisse
273 2368 353 2445 elicit,
381 2384 409 2434 nt
427 2372 523 2435 Persis
535 2366 661 2436 t'ributnm
683 2370 826 2457 quotannis
841 2372 1020 2457 penderetur;
1044 2372 1147 2436 thuanis
1168 2394 1237 2437 uero
1256 2373 1285 2437 in

183 2469 254 2533 bees
275 2470 459 2536 Romanorum
484 2484 621 2557 perpetue
647 2472 855 2537 excurrentibus
878 2472 1147 2560 magnificentissima
1171 2497 1284 2540 munera

183 2592 236 2658 per
254 2570 380 2657 singulos
403 2592 490 2634 annos
510 2573 648 2637 darentur.
691 2573 819 2657 Denique
844 2574 1036 2662 intempestiua
1056 2581 1175 2641 ‘reorum
1198 2577 1282 2641 indui·

185 2671 295 2761 gnatia,
316 2673 477 2759 praesertim
491 2674 588 2739 ducum
602 2670 756 2749 exercitus,
786 2695 960 2759 magnopere
973 2678 1147 2742 lastinianum
1160 2679 1283 2743 obfuisse

178 2774 372 2861 Reipublicae.
427 2776 545 2843 Εἰώθει
570 2773 628 2861 peip
654 2770 864 2851 Ἰοοοτινιανὸς
890 2777 1031 2859 benchuir
1054 2781 1214 2864 ἐπιχωρεῖν
1243 2780 1281 2845 sai

183 2877 282 2943 πολλοῖ
302 2887 367 2955 τοῖς
399 2876 541 2963 ἄρχουσιν
580 2874 805 2961 ἁμαρτάνουσι,
838 2878 891 2942 uui
916 2874 967 2944 ἅττ’
987 2876 1086 2947 utrae
1105 2872 1137 2956 ἴς
1167 2906 1204 2944 τε
1223 2879 1282 2963 τήν

182 2982 389 3061 diceremini
410 2978 467 3063 τήν
487 2984 640 3047 πολιτείαν
661 2982 695 3048 in
719 2985 777 3047 τοῦ
799 2980 852 3045 ert
878 2988 1018 3046 niciosus
1037 2979 1282 3065 messanenses

181 3082 352 3166 nittenowe.
410 3086 587 3148 Genmceerut
618 3090 704 3160 enim,
747 3079 849 3169 inquit,
884 3084 1054 3162 lastinianus
1079 3087 1224 3165 Imperator
1250 3095 1282 3148 ut

178 3188 323 3267 ρΙιιιίιιιιιοι
357 3191 469 3253 en'ms'rtu
508 3194 642 3267 ι’ςιιοιιτιι
673 3190 785 3249 duabsu
810 3190 942 3249 accitus
971 3189 1195 3268 delinquentibus:
1234 3187 1282 3250 ot-

183 3311 233 3371 que
260 3290 323 3348 hece
356 3308 441 3349 causo
474 3297 550 3365 out,
592 3292 757 3369 panorm
781 3290 827 3351 etta·
847 3309 907 3351 cute
933 3295 962 3350 in
984 3291 1156 3371 ds'snpls'nutn
1181 3292 1284 3353 utilite·

182 3410 252 3465 τιτι,
273 3397 330 3450 turn
351 3393 381 3458 in
401 3390 605 3471 Ronpuhh‘uuun
626 3395 786 3469 grauissime
802 3412 913 3472 peccare
924 3393 1185 3473 deprehenderentur.
1225 3390 1281 3455 Ve-

182 3515 243 3557 rum
265 3514 301 3555 uc
322 3490 434 3578 >singula
459 3492 626 3558 numerando
648 3490 756 3556 modum
781 3492 923 3556 excedere
948 3491 1115 3568 uideamur„
1140 3492 1281 3571 historiam

180 3591 373 3673 Ἀνὲιιδοτον.,
401 3607 429 3660 et
454 3594 562 3680 prienes
583 3594 646 3659 iilos
672 3594 774 3670 libros,
800 3615 869 3679 qnos
893 3594 1041 3659 iustiniano
1061 3594 1209 3680 Procopius
1229 3592 1280 3655 ob·

180 3697 296 3773 tulerat,
319 3698 358 3761 ita
383 3696 562 3761 concinnasse
590 3696 712 3774 uidetur,
738 3708 767 3760 ut
786 3696 855 3759 nihii
876 3696 938 3760 scre
960 3696 987 3761 in
1011 3696 1066 3761 bae
1086 3696 1134 3772 sit,
1155 3693 1227 3779 quod
1242 3715 1280 3758 ex

182 3798 238 3863 iilis
257 3799 396 3863 Iustiniani
414 3798 499 3886 ipsius
519 3798 694 3865 confessione
714 3799 836 3887 probare
856 3821 911 3863 non
931 3800 1032 3885 possis.
1058 3838 1061 3845 ‚

192 3958 195 3961 -
265 3920 305 3983 lta
326 3940 410 3995 sano,
442 3918 563 4005 inquies,
593 3930 621 3983 at
641 3940 724 3983 nomo
746 3933 808 3995 est,
836 3916 957 4006 quinon
981 3917 1075 3982 uideat
1096 3915 1279 3980 huiushisto·

179 4019 240 4084 riae
261 4020 457 4095 acerbitatem,
480 4043 552 4107 quae
573 4034 600 4085 ut
621 4021 844 4087 malevolentium
865 4019 986 4093 subolet,
1005 4019 1042 4082 ita
1062 4019 1169 4082 ueritati
1187 4019 1277 4081 detra-

180 4123 251 4186 here
272 4116 342 4188 inre¹
354 4136 452 4210 potest.
498 4125 570 4187 Nam
591 4125 680 4210 primo
698 4126 814 4211 quidem·
829 4122 957 4187 nonnulla
977 4120 1114 4185 iustiniani
1135 4122 1209 4184 sacta
1228 4123 1277 4184 ‹ie-

178 4225 312 4289 tcriorem
341 4228 368 4290 in
387 4238 494 4311 partem
523 4240 638 4314 accepta
659 4227 776 4291 animum
801 4227 1046 4295 winimannum,
1077 4223 1177 4286 nedsuu
1193 4223 1279 4285 hene·

177 4327 269 4391 velum
290 4329 432 4414 scriptoris
454 4331 606 4395 ostendunt.
660 4332 770 4396 Deinde
790 4332 957 4393 decernente
971 4325 1094 4388 stushose
1119 4326 1279 4417 conquisita,

175 4430 272 4517 quibus
293 4452 455 4515 persuasum
482 4434 516 4499 sit
542 4428 738 4501 semihomines
758 4433 843 4498 iuriae
863 4429 1039 4495 iustinianutn
1052 4452 1087 4492 ae
1100 4422 1280 4495 Tircodorern

218 4542 358 4615 Psocopr'us
382 4544 430 4598 111.
679 4545 682 4550 '
1052 4542 1072 4607 h
