3125 4959
253 447 331 521 420
613 449 659 518 ΙΝ
683 449 792 520 rust.
816 449 1012 518 luctum

253 617 307 678 32.
329 617 367 674 N.
390 612 453 672 filia
472 609 618 686 Boraidis,
640 614 800 674 lastiniani
820 617 935 696 neptis,
961 615 1000 674 de
1022 633 1083 698 qua
1103 614 1268 694 Procopius
1288 611 1365 674 ibid.

253 700 306 762 33.
329 689 440 760 luctus
459 701 559 758 listris
581 701 741 758 iustiniani
762 703 953 782 imperatoris
974 703 1056 762 filius
1083 699 1244 762 secundus.
1287 702 1366 760 Pro·

341 804 407 862 cop.
430 786 452 842 1.
474 783 587 846 abeli.
605 786 689 844 Pers.

215 876 217 882 '
256 865 309 933 54.
333 869 505 930 Germanus
525 869 624 928 fratris
646 871 808 930 iustiniani
828 871 1017 949 imperatoris
1038 871 1118 930 filius
1140 871 1266 945 tertius3
1293 889 1367 949 pas·

342 957 400 1013 sim
422 953 459 1012 clo
480 951 539 1012 hoo
563 957 747 1035 Procopius:
777 957 988 1032 Marcellinus,
1017 954 1181 1016 lomandes
1210 955 1248 1014 de
1276 956 1365 1014 rebus

340 1041 407 1097 Get.
428 1039 482 1096 lib.
504 1050 653 1099 extremo.
1292 1102 1297 1109 ,

255 1126 307 1194 35.
328 1127 472 1192 Passara
493 1145 573 1184 uxor
594 1125 738 1184 Germani
759 1125 851 1203 prior.
894 1127 1021 1203 Procop.
1043 1126 1065 1182 l.
1084 1129 1105 1188 2
1124 1125 1198 1183 bell.
1217 1122 1322 1184 Gotth.

253 1217 305 1280 36.
328 1205 469 1268 lustinus
489 1213 606 1290 primus
628 1212 772 1268 Germani
793 1210 874 1269 filius
900 1231 940 1268 ex
961 1214 1098 1272 Passara.
1141 1213 1268 1290 Procop.
1287 1206 1365 1268 ibid.

337 1295 472 1352 Marcell.
495 1299 614 1354 ineius
637 1297 805 1356 consulatu.

250 1385 304 1448 37.
327 1379 527 1439 lastinianus
555 1381 706 1440 secundus
729 1383 872 1438 Germani
893 1379 973 1439 filius
996 1400 1037 1438 ex
1057 1380 1195 1437 Passara.
1238 1381 1366 1457 Procop.

336 1463 462 1524 ibidem.
505 1463 755 1572 Theophylactus
774 1466 984 1525 Simocattal.
1004 1472 1023 1529 3
1047 1467 1235 1539 c.12Dur,
1257 1467 1366 1545 inquit,

336 1549 519 1628 designatur
545 1546 800 1654 lavarioscvde‘
781 1575 799 1629 ο
823 1555 881 1612 τοῦ
903 1547 1061 1630 Γερμάνον
1089 1545 1156 1624 viic
1184 1556 1248 1624 τοῖς
1275 1571 1366 1630 sopti-

336 1629 514 1712 φιιιοτιέιοις
545 1641 607 1698 τοῖν
641 1635 675 1698 ἐν
707 1637 783 1700 elles
819 1631 1116 1718 σνναριθμούμενος.
1167 1632 1366 1695 lastinianus

338 1721 486 1779 Germani
497 1721 609 1798 silius,
632 1743 715 1780 unus
736 1719 773 1778 de
795 1725 979 1798 oplimatum
996 1719 1200 1800 primoribus.

250 1805 303 1868 38.
326 1800 450 1862 lustina
471 1805 534 1878 filia
555 1807 700 1862 Germani
721 1825 762 1861 ex
782 1807 920 1864 Passala.
961 1809 1127 1885 Procopius
1148 1802 1199 1863 hic
1220 1827 1252 1884 p.
1268 1803 1323 1866 23·
1527 1832 1528 1893 ι

248 1891 303 1952 39.
327 1888 457 1948 [oannes
481 1889 624 1949 Vitaliani
653 1890 785 1948 consulis
809 1893 927 1969 Nepos,
956 1893 1090 1948 Iustinae
1112 1891 1257 1947 Germani
1285 1888 1366 1944 filiae
1527 1900 1528 1959 l

334 1977 474 2032 maritus.
518 1975 645 2052 Procop.
667 1972 802 2049 ibidem,
826 1976 900 2032 etl.
923 1980 943 2039 8
965 1975 1039 2032 bell.
1062 1971 1168 2032 Gotth.

142 2061 163 2113 P
182 2062 234 2117 tao
250 2058 302 2126 40.
324 2059 547 2118 Mathusuenta
567 2057 733 2132 Eutharici,
759 2070 790 2116 et
809 2061 1026 2116 Arnalasuntae
1048 2061 1171 2136 reginae
1188 2057 1251 2114 lilla
1272 2055 1365 2116 vitti-

334 2145 380 2222 gis
399 2141 582 2202 Gotthorum
604 2145 683 2221 regis
702 2145 816 2217 relicta,
832 2147 984 2221 ,posterior
1000 2145 1145 2202 Germani
1166 2162 1256 2202 uxor.
1298 2144 1364 2198 lor-

333 2226 428 2286 nand.
450 2229 473 2289 l.
504 2226 543 2288 de
570 2229 660 2288 rebus
683 2229 796 2288 Geticis
824 2239 972 2287 extremo.
1015 2231 1180 2307 Procopius
1201 2230 1225 2286 l.
1247 2231 1268 2290 8
1288 2226 1364 2283 bell.

249 2395 302 2460 41.
327 2311 503 2454 ciiiilius
521 2395 667 2454 Germani
685 2393 766 2454 filius
779 2392 962 2474 posthumus
975 2412 1019 2452 ex
1032 2390 1255 2453 Mathasuenta.
1299 2394 1365 2452 lor-

335 2478 429 2537 nand.
449 2477 576 2538 ibidem.

249 2565 403 2641 Legimus
425 2563 507 2644 apud
528 2561 789 2642 Theophanem
778 2583 812 2620 m
834 2561 939 2623 chron.
983 2564 1144 2623 Marciani
1169 2571 1200 2620 et
1220 2561 1365 2621 Marcelli

248 2651 405 2707 lastiniani
433 2651 624 2729 imperatoris
653 2651 806 2727 Nepotum
834 2651 977 2723 nomina,
1014 2669 1146 2729 quarum
1174 2645 1226 2706 hic
1260 2658 1364 2705 contra

247 2736 355 2793 Persas
378 2732 467 2792 duxit
494 2735 680 2806 exercitmn,
712 2752 792 2792 auno
815 2735 957 2791 avunculi
979 2737 1137 2812 trigesimo
1158 2736 1282 2814 quinto:
1311 2733 1364 2790 ille

247 2838 327 2878 anno
349 2821 506 2897 trigesimo
528 2829 616 2878 sexto
638 2821 750 2878 missus
772 2830 819 2878 est
839 2822 871 2876 in
888 2821 1024 2878 Africam
1046 2831 1148 2878 contra
1166 2821 1362 2892 blauu‘tauos,

248 2907 302 2984 qui
323 2907 426 2982 nescio
447 2924 486 2962 an
507 2905 585 2968 alius
607 2904 644 2961 ab
668 2924 704 2962 eo
727 2907 775 2975 sit,
804 2910 897 2984 qtrem
918 2902 1125 2984 Theophanes
1146 2905 1223 2962 alter
1241 2905 1362 2981 Byzan-

151 2997 231 3054 ΗΟ
248 2994 309 3048 tius
337 2975 446 3049 lustini
474 2991 663 3068 imperatorIs
688 2990 859 3095 patruelem
880 2993 1028 3048 nominat.
1071 2992 1116 3048 lle
1137 2991 1300 3048 Marciano
1321 2989 1363 3046 ita

247 3078 377 3135 loannes
405 3072 640 3154 Epiphaniensis
671 3075 693 3133 l.
718 3076 747 3135 1.
777 3068 938 3148 Ἰονσιῖνος
965 3075 997 3148 ἐς
1023 3070 1081 3154 τὴν
1111 3072 1192 3158 ἕῳόν
1219 3071 1363 3152 ἐκπέμπει

248 3155 432 3240 Μορκιοινόν
457 3155 622 3262 σιραιηγον
644 3157 677 3221 ἓν
700 3164 764 3230 τοῖς
784 3161 955 3237 πατρικίοις
980 3163 1038 3239 τῆς
1059 3137 1228 3240 σννιιλήιον
1249 3159 1363 3238 βουλῆς

247 3243 474 3349 τεταγμένον,
474 3237 555 3305 atto
583 3265 613 3306 τι
632 3238 709 3326 πρὸς
729 3243 817 3324 γένος
837 3242 1033 3323 συνημμένον
1054 3249 1117 3306 τῶν
1137 3267 1169 3308 ιι
1190 3245 1362 3322 πολεμικῶν

247 3325 405 3393 κινδύνων
435 3323 493 3391 ονίι
526 3306 669 3410 ineman,
698 3327 749 3390 uui
780 3326 890 3402 ἄλλοις
906 3325 1093 3409 οἷνδρεῖον’”
1077 3353 1148 3392 orsa
1174 3350 1206 3391 τι
1232 3329 1286 3391 sal
1313 3330 1361 3390 tio·

246 3417 372 3478 ιιοῦνιοι.
417 3395 593 3474 Iustinus
581 3436 614 3474 ιιι
637 3417 781 3473 orientem
802 3415 1000 3474 Marcianum
1022 3417 1120 3473 mittit
1141 3417 1362 3493 imperatorem,

248 3501 306 3580 qui
327 3501 404 3562 inter
419 3501 575 3578 patricios
596 3511 625 3559 et
646 3509 801 3558 senatores
822 3502 1014 3579 conscriptae
1043 3511 1123 3577 erat,
1155 3497 1267 3556 atrilii
1288 3518 1362 3556 san-

245 3586 343 3664 guine
357 3582 571 3664 propinquus,
592 3585 665 3643 belli
689 3606 758 3643 vero
775 3585 992 3662 periculorum
1009 3587 1134 3644 minime
1157 3605 1277 3662 expers,
1306 3585 1362 3662 qui

248 3681 276 3728 et
298 3671 348 3728 vir
368 3679 511 3728 strenuus
523 3670 611 3749 suit,
643 3680 681 3727 et
691 3689 760 3744 epm
780 3666 871 3750 apud
890 3671 972 3728 alios
996 3673 1170 3750 opinionem
1191 3680 1235 3727 est
1256 3689 1362 3726 conse-

247 3767 373 3835 quutus.
414 3755 462 3812 De
492 3754 600 3813 eodem
627 3753 805 3834 Theophyl.
826 3756 992 3815 §mosetto
1012 3756 1035 3813 l.
1057 3760 1077 3818 8
1100 3774 1126 3813 c.
1143 3754 1193 3816 10.
1236 3755 1337 3813 llos
1328 3773 1360 3810 ιιι

248 3838 468 3918 diagrammate
500 3858 560 3898 non
586 3843 763 3920 posuimus,
800 3860 930 3921 quorum
966 3841 1074 3898 incerti
1102 3850 1242 3919 parentes
1279 3848 1358 3897 suut.

247 3925 394 4002 Legimus
422 3933 576 4003 praeterea
597 3929 631 3984 in
652 3927 791 4008 πατρίοις
816 3927 876 3984 GP.
899 3924 939 3984 ad
960 3936 1079 4005 portam
1098 3943 1226 3984 aeneam
1243 3928 1359 4003 septem

246 4011 408 4072 Iustiniani
423 4013 587 4091 συγγενῶν,
608 4015 910 4091 consanguineorum
931 4015 1029 4090 posita
1048 4013 1142 4070 fuisse
1162 4011 1258 4087 sigua,
1282 4029 1358 4089 ‹puo-

247 4113 317 4152 uun
338 4097 467 4154 silentur
485 4096 619 4154 nomina.
661 4095 948 4175 Pseudogordiunus
965 4100 998 4154 in
1011 4096 1146 4176 epistolis
1165 4113 1240 4174 quas
1253 4092 1358 4153 Theo-

248 4176 338 4238 dorae
360 4200 394 4238 ac
409 4182 576 4240 iustiniano
597 4181 673 4242 falso
696 4181 848 4257 adscribit,
879 4183 1048 4241 Tertullum
1069 4182 1230 4261 patricium
1245 4183 1357 4241 Rorna-

242 4283 322 4322 ·num
350 4267 509 4333 Iustiniani
536 4264 772 4347 Exadelplrum,
806 4279 836 4327 et
868 4279 1006 4327 sanctum
1034 4265 1194 4325 Placidum
1222 4277 1356 4344 nepotem

244 4352 401 4408 mentitur.
444 4350 506 4412 Sed
538 4352 629 4410 facile
661 4363 706 4412 est
738 4351 879 4412 fraudem
911 4355 1024 4412 autoris
1058 4350 1207 4430 detegere.
1251 4352 1355 4409 Plures

244 4432 427 4496 Theodorus
448 4438 559 4497 liberos
577 4441 634 4497 iste
655 4449 822 4513 memorat3
849 4437 904 4499 sed
928 4449 1048 4517 praeter
1068 4458 1162 4498 unam
1180 4439 1355 4509 loerrsiuam,
