3125 4959
564 427 708 499 NOTAE
732 429 955 501 statuunt.
1237 431 1312 504 377

209 594 309 676 μαίας
331 613 418 676 quae,
439 595 654 678 oomplaraqne
673 595 749 674 alia,
771 591 898 658 ethaeo
917 595 985 680 ipsa
1005 593 1044 657 ‹le
1064 596 1238 661 Domitiano
1257 599 1314 661 uni

207 684 355 760 Procopio
376 681 532 742 debemus.

292 769 328 825 P.
348 767 399 842 56,
424 769 474 833 13.
517 766 586 845 Ipse
612 767 816 828 nihilominus
837 763 1011 844 frondibus
1036 771 1157 848 passim
1177 772 1317 830 omnium

208 851 378 931 expositae]
407 855 493 913 liano
512 856 678 935 Prooopius
699 853 832 936 ραριλαν
853 855 1004 935 appellat,
1025 853 1204 916 Eustatltius
1224 859 1318 916 Pres-

209 935 296 1013 byter
322 935 494 998 honestiore
522 941 670 1000 vocabulo
700 932 870 1016 οἷπλόιηια,
906 957 1000 1020 quam
1034 950 1137 1000 tamen
1166 943 1317 1022 exemplis

209 1040 286 1100 quaa
307 1034 407 1081 narrat
427 1027 591 1105 plusquam
614 1025 748 1106 sanetae
768 1024 863 1082 fuisse
883 1025 1002 1103 probat.

292 1109 327 1165 P·
351 1110 401 1184 ⁵7,
423 1112 454 1173 6.
497 1109 670 1170 Mendooiie
681 1107 833 1191 saliebat]
852 1110 899 1166 lta
918 1118 954 1167 nt
973 1111 1006 1166 in
1027 1106 1146 1169 theatro
1167 1130 1223 1191 per
1244 1131 1320 1170 oon·

207 1195 366 1271 tumeliam
387 1194 425 1251 ab
447 1196 522 1255 irata
539 1197 630 1276 plebe
651 1192 686 1254 ia
705 1192 751 1253 illi
772 1194 975 1252 obiiceretnr.·
1004 1195 1087 1254 Fasti
1100 1194 1319 1256 Alexandrini:

208 1273 299 1340 iiior
321 1276 354 1341 il
382 1278 521 1359 ἔκραζον,
550 1280 701 1361 ἐπιορκεῖς
722 1273 871 1358 faitione.
913 1276 985 1337 Ata·
1012 1299 1084 1338 vera
1106 1279 1318 1357 clamitatum,

202 1365 326 1442 peieraa
345 1358 453 1426 Asine.
494 1367 573 1424 Cum
593 1377 696 1424 tamen
718 1361 758 1423 ad
778 1363 946 1442 Evangelia
970 1382 1027 1443 pro
1048 1365 1193 1423 tribunali
1219 1370 1320 1426 inras-

208 1459 265 1507 set.
284 1448 395 1508 .ldem
411 1451 490 1510 infra
511 1453 621 1533 repetit
641 1471 674 1531 p.
695 1451 739 1514 62
753 1451 921 1529 sactorum
939 1469 1156 1528 saepenumero
1176 1456 1321 1531 sponna-

207 1555 296 1606 num,
318 1546 347 1593 et
368 1549 558 1597 sacramento
576 1538 626 1598 vei
644 1534 763 1595 tabulis
783 1534 1037 1613 confirmatarum
1057 1539 1165 1594 atatim
1186 1537 1321 1596 oblivio-

209 1639 277 1677 nem
296 1621 469 1681 simulavr't.
509 1625 578 1681 Non
597 1631 702 1679 tamen
722 1637 838 1693 earnm,
858 1618 886 1676 si
906 1619 1002 1677 Paulo
1023 1619 1197 1681 silentiario
1219 1621 1319 1680 credi-
1401 1644 1403 1648 ·

209 1723 290 1782 mus,
313 1723 388 1785 quas
408 1707 511 1763 iurans
532 1703 715 1764 Theodoraa
735 1722 849 1763 nomen
870 1703 1004 1762 ferisoet.

367 1783 430 1850 Ἢν
451 1791 550 1863 ζῶσαν
570 1784 646 1870 εἶχες
667 1780 786 1867 stivellei¹
800 1781 989 1869 σννεργᾶτιν,

370 1866 455 1937 Ἐπεὶ
475 1872 511 1937 il
531 1879 662 1955 μετῆλθε
680 1870 825 1978 nesinges
845 1877 910 1947 τοῖς
928 1865 1080 1953 inaniore

365 1953 483 2039 Ὅρκον
503 1955 637 2042 βοηθὸν,
659 1954 753 2042 ὅρκον
773 1955 1006 2040 αρῤαγὲσιατον,

364 2037 425 2107 Ὃν
446 2037 486 2107 oo’
506 2049 681 2126 παρῆλθες,
702 2037 771 2107 oit’
794 2039 873 2105 ieris
891 2035 1113 2125 παραδράμοις.

293 2128 331 2186 Ρ.
352 2127 410 2205 57,
434 2132 487 2194 10.
529 2128 660 2190 Aurum
688 2124 902 2188 ardentissime
926 2128 1044 2208 sitivit]
1079 2127 1227 2208 Evagrius
1254 2128 1322 2193 t.4

210 2231 239 2269 o·
253 2211 295 2274 29
323 2209 398 2276 itii
419 2207 629 2289 Ἰοοοτινιανὸς
648 2205 690 2295 ἦν
711 2210 769 2294 μὲν
794 2207 957 2296 χρημάτων
983 2209 1155 2292 ἄπληστος,
1182 2211 1235 2274 καλ
1260 2216 1324 2275 τῶν

210 2291 378 2378 ιῖλλοτρλιον
398 2293 497 2375 οὕτως
522 2296 656 2374 ἐκτόπως
682 2293 828 2380 ἐραστής.
860 2295 903 2372 οἷς
930 2295 983 2360 sal
1011 2292 1045 2359 eri
1067 2291 1212 2376 irrefusae
1241 2292 1326 2360 ἅπαν

210 2383 336 2462 χρυσίον
357 2378 550 2460 πιπράσκειν.
592 2385 631 2444 In
655 2383 832 2443 Iustiniana
853 2393 919 2440 tam
942 2382 1130 2460 inexplebilia
1141 2384 1216 2460 suit
1229 2404 1325 2462 pecu-

211 2469 284 2524 niae
304 2466 488 2544 capr'ditas,
509 2478 539 2525 et
559 2477 626 2525 tarn
646 2469 750 2546 turpis
778 2487 879 2526 reram
900 2468 1076 2526 alienarum
1097 2471 1259 2548 rutpetitio,
1289 2477 1324 2526 αλ

212 2546 353 2608 subditae
372 2569 475 2610 omnes
490 2555 625 2632 pecunia
643 2550 797 2628 venderet,
818 2562 877 2610 eto.
924 2549 1041 2611 Eadem
1055 2555 1165 2612 scribit
1181 2557 1326 2627 Zonaras,

213 2654 345 2715 quorum
373 2639 505 2716 integrao
532 2640 702 2717 pericopas·
717 2634 811 2696 habes
835 2639 924 2697 initio
948 2636 1040 2697 httins
1062 2639 1131 2697 libri
1154 2640 1326 2718 argumenti

212 2721 292 2779 loco.
334 2722 451 2780 Iuliana
470 2723 578 2782 Anicia
597 2723 771 2801 intelligens
792 2723 851 2782 λιοα
871 2725 1064 2802 imperatorie
1085 2727 1262 2802 ingenium,
1292 2733 1328 2784 nt

212 2806 348 2885 loquitur
369 2810 532 2887 Gregorius
552 2810 728 2867 Tunnensis
750 2804 789 2865 rle
810 2809 888 2885 glor.
906 2819 1030 2886 martyr.
1055 2827 1082 2864 o.
1102 2813 1162 2872 133
1183 2827 1328 2885 magnam

211 2894 279 2950 auri
300 2894 430 2970 copiam,
451 2911 545 2974 quam
565 2893 605 2950 ab
622 2911 658 2950 aa
672 2892 857 2950 lastinianus
872 2893 1009 2970 petierat,
1033 2892 1196 2950 artificibus
1217 2891 1327 2966 tradit3

212 2979 264 3056 ite,
285 2978 393 3058 inquit,
413 2988 442 3036 et
456 2979 558 3056 foetis
582 2978 673 3035 ιἰιπλα
693 2996 869 3035 mensuram
888 2979 1044 3055 tignorum
1065 2977 1194 3055 tabulis,
1214 2999 1249 3036 ex
1268 2979 1328 3036 Ιιοι·

212 3065 254 3124 B.
275 3063 437 3140 Polyeucti
455 3065 602 3141 martyris
622 3082 776 3120 cameram
799 3072 957 3140 exornate,
986 3084 1024 3122 ne
1043 3061 1120 3122 haec
1148 3066 1240 3122 arari
1266 3065 1326 3122 im·

206 3151 364 3228 peratoris
384 3168 497 3207 manue
515 3151 664 3226 attingat.

298 3234 334 3291 Ρ.
351 3234 402 3308 57,
425 3235 476 3299 10.
520 3235 625 3292 Sitioii
647 3242 675 3290 et
695 3229 891 3312 sanguinem]
915 3232 981 3291 lloo
1003 3232 1094 3289 etiarn
1116 3231 1244 3307 prasini,
1265 3252 1325 3312 po-

214 3318 367 3398 pulusque
393 3318 743 3396 Cortstantinopolitanns
770 3318 892 3396 publice
917 3318 1083 3376 Iustiniana
1111 3318 1325 3392 inclamabant,

216 3413 340 3481 eratque
362 3406 406 3462 eis
427 3423 490 3461 vox
515 3404 569 3461 illa
590 3404 751 3476 solemnis,
781 3421 875 3482 quarn
896 3400 1102 3482 Theophanes
1123 3403 1230 3476 refert,
1258 3403 1326 3464 εἴθε

216 3482 390 3566 Σαββᾶτιος
418 3484 461 3569 μή
488 3483 638 3572 ἐγενήθη,
667 3487 721 3550 'iva
747 3483 791 3567 μή
822 3487 873 3571 ἔχῃ
902 3485 971 3548 αι’ὁν
995 3484 1104 3565 ’φονέα
1146 3487 1271 3545 [Ιιὶπαπι
1293 3489 1329 3544 in

215 3572 316 3628 lucem
336 3572 505 3632 Sabbatiue
530 3595 592 3632 non
618 3573 766 3648 venisset,
797 3583 873 3630 certe
894 3573 1005 3650 silium
1035 3583 1063 3630 te
1091 3593 1152 3629 non
1173 3572 1329 3630 hairaiseis

215 3658 465 3736 sanguinariam.
508 3660 578 3718 Fuit
599 3657 760 3718 Sabbatius
781 3659 941 3717 Iustiniani
963 3668 1066 3736 pater,
1089 3667 1122 3714 ut
1143 3659 1221 3716 iusra
1244 3654 1329 3714 dict-

215 3761 296 3801 mns.
341 3743 410 3799 llno
437 3744 529 3801 etiam
557 3745 611 3802 illa
632 3743 667 3804 S.
687 3745 820 3823 Agapeti
840 3743 991 3823 pontilicis
1011 3759 1071 3803 vox
1091 3745 1244 3823 partinet3
1274 3762 1330 3820 ego

216 3826 262 3886 ud
281 3825 492 3887 lastinianum
513 3829 724 3907 imperatorem
745 3831 849 3899 venire
869 3827 1059 3904 desideravi,
1080 3829 1135 3887 sed
1153 3826 1329 3887 Diocletia·
1347 3831 1426 3889 130

216 3933 292 3972 num
318 3914 431 3972 inveni.
473 3914 650 3972 Anastasius
680 3923 710 3972 et
735 3911 862 3974 historia
890 3915 1020 3972 miscell.
1044 3913 1067 3971 l.
1091 3917 1140 3976 16.
1184 3913 1223 3968 Et
1244 3913 1330 3990 Vigi-

217 3999 293 4070 lius3
328 4009 364 4055 ut
391 3993 499 4073 video,
531 4017 594 4056 non
614 4018 661 4055 me
681 4000 824 4075 seoernni
845 4001 945 4057 venire
966 3996 1012 4056 od
1032 4019 1063 4056 se
1085 3997 1284 4056 lastinianus
1305 4008 1334 4055 et

221 4078 378 4144 Theodora
394 4083 534 4162 piissimi
549 4084 724 4162 principes,
754 4081 811 4142 aed
829 4082 920 4141 hodie
941 4086 1025 4156 scio,
1053 4078 1140 4160 qnod
1159 4083 1333 4142 Diocletia-

217 4188 293 4227 num
313 4177 343 4225 et
362 4168 574 4228 Eleutherion
593 4169 706 4229 inveni.
746 4171 924 4228 Anastasius
945 4171 978 4226 in
998 4168 1121 4245 Vigilio.

303 4255 340 4311 Ρ.
363 4252 473 4327 68,’8.
516 4252 636 4314 laeana
661 4253 890 4333 munificentia]
920 4252 1079 4312 Iustiniani
1110 4248 1331 4332 prodigentiarn

217 4347 323 4395 notant
345 4340 492 4418 Evagrins
514 4351 543 4398 et
565 4342 719 4412 Zonaras,
749 4357 826 4418 quos
857 4339 948 4417 paulo
977 4346 1046 4394 ante
1073 4337 1206 4396 laudavi.
1249 4340 1332 4395 lilar-

219 4422 347 4483 oellinns
375 4416 415 4482 rla
448 4425 659 4506 largitionibus
685 4424 845 4484 lastiniani
874 4424 907 4480 in
935 4424 1033 4504 primo
1047 4426 1223 4484 ,consulata
1268 4423 1332 4482 Fa·
