3125 4959
504 444 708 515 motmunt
730 445 988 517 ntssantmo
1258 476 1298 523 ιι

202 614 408 695 miniseebator,
443 628 472 683 et
492 613 731 704 impudentissimis
756 640 947 707 romanoram
971 619 1161 687 mmeaisibus
1181 622 1296 689 admini-

202 718 265 783 stris
281 719 308 782 in
330 719 475 784 ditissimos
486 741 609 807 quosque
626 720 751 807 parabat.
794 721 898 797 notit,
921 720 1114 808 Magistratus,
1136 726 1294 792 Praefertu-

203 842 265 897 ras,
288 820 443 909 Officioque
467 821 504 886 ab
520 822 621 889 eodem
643 824 734 910 pretio
758 821 919 888 diuendita:
934 824 1093 902 Ecclesiae,
1116 826 1293 906 Nososomia,
1311 837 1367 897 bd

201 922 385 999 Monasteria,
408 937 436 989 et
449 924 505 989 alia
521 925 549 990 id
565 948 655 1013 genus
673 925 802 991 aedilicia
824 944 861 989 ex
876 923 1044 1011 priuatorum
1062 929 1168 992 exuviis
1189 930 1224 994 ab
1246 931 1296 997 illo

202 1026 329 1091 excitata.
372 1028 540 1094 Venetorum
553 1028 591 1095 ita
615 1028 719 1093 lor-isse
734 1026 882 1093 laetiorem
896 1026 1028 1104 affirmat,
1050 1041 1079 1095 ut
1098 1030 1226 1095 Prasinos
1245 1032 1295 1097 isu-

201 1148 273 1214 puno
287 1130 514 1196 contrucidandos
532 1130 567 1197 iis
580 1129 766 1219 permitteret,
784 1150 945 1214 ,eorumque
958 1128 1069 1194 licentia
1085 1134 1225 1211 caedibus,
1250 1160 1294 1200 ra·
1312 1163 1315 1169 ¹

201 1226 288 1315 pinis,
309 1231 444 1299 incendiis
466 1233 559 1299 omnia
580 1232 749 1318 compleret;
769 1230 950 1318 Magistratus
969 1253 1039 1296 uero
1057 1233 1103 1319 qui
1125 1234 1152 1298 in
1172 1239 1295 1302 Venetos
1433 1308 1435 1312 ,

201 1330 326 1417 egissent
345 1355 382 1399 ex
397 1336 482 1424 lege,
504 1337 596 1425 eapite
610 1336 762 1399 emanet.
804 1332 915 1416 Nempe
928 1331 1002 1397 baoe
1017 1358 1121 1400 mmma
1134 1352 1176 1401 est
1190 1359 1295 1415 eornm,

197 1454 271 1517 qnae
294 1434 498 1525 Proeophsiu
525 1439 581 1504 luae
606 1438 722 1503 butoria
746 1433 933 1524 prosequitur:
971 1437 1149 1519 quamobrem
1179 1443 1297 1529 Euagrii

199 1535 366 1603 scholastici
380 1540 467 1606 uerba
481 1542 529 1607 hie
544 1542 609 1607 ideo
629 1538 829 1627 praeterimus,
857 1547 887 1599 ut
908 1535 935 1599 in
961 1536 1023 1622 ipso
1041 1540 1154 1606 huiusce
1176 1544 1239 1609 libri
1263 1544 1295 1608 li·

199 1637 272 1703 mine
288 1644 444 1728 argumenti
460 1645 524 1711 loeo
536 1643 715 1731 opportunius
732 1652 835 1707 extent.
877 1636 1052 1705 Maiestatem
1070 1644 1211 1709 llomanao
1231 1646 1296 1713 ttsi·

199 1739 326 1824 publicae
343 1766 416 1831 pene
429 1745 623 1811 labefactatam
647 1744 724 1809 initio
747 1742 858 1829 quidem
874 1762 942 1804 suae
964 1742 1155 1810 dominationis
1170 1771 1225 1813 non
1245 1750 1294 1813 rui-

198 1841 273 1905 nima
295 1867 356 1908 euru
378 1847 460 1913 laude
480 1848 658 1924 luatinianus,
677 1858 706 1912 ut
726 1843 801 1919 dixi,
826 1842 992 1909 iumentauit.
1036 1846 1141 1912 Verum
1165 1849 1212 1913 ubi
1228 1873 1292 1913 eon·

197 1944 302 2022 sonuit,
325 1948 397 2011 adeo
414 1947 454 2013 illi
467 1950 559 2027 uires,
581 1949 739 2035 animusque
753 1946 873 2021 deleuit,
889 1957 933 2022 nt,
960 1949 1186 2032 quemadmodum
1199 1953 1295 2017 scribit

198 2047 369 2126 Menander,
391 2072 448 2115 non
468 2051 561 2116 Persis
587 2052 687 2126 modo,
720 2047 771 2113 sed
800 2048 920 2124 Mauris,
952 2049 1105 2126 bbaribns,
1134 2054 1292 2130 Saracenis,

199 2150 371 2237 Cortiguris,
394 2152 512 2237 aliisque
530 2152 716 2215 barbarorum
730 2149 840 2233 populis
852 2151 1021 2216 tributarium
1039 2152 1137 2216 lecerit
1148 2153 1294 2240 imperium
1369 2176 1372 2185 ·

197 2252 356 2319 Romanum.
398 2252 552 2340 Hesychius
572 2251 699 2316 Milesius
718 2249 858 2314 lastiniani
877 2252 1016 2318 leuitatem
1033 2255 1146 2331 derisit,
1167 2256 1213 2342 qui
1228 2257 1293 2320 adu·

198 2352 264 2416 lanti
278 2354 520 2421 Tribonianolore
533 2354 678 2427 erederet,
700 2363 728 2415 ut
743 2349 770 2414 in
791 2350 899 2414 coelom
919 2351 996 2415 uirus
1019 2357 1207 2439 surriperetur.
1250 2359 1296 2423 Do

199 2452 271 2517 illius
289 2442 429 2520 lraudibus
445 2468 527 2540 atque
543 2454 661 2517 fallaciis
678 2452 789 2516 uberius
810 2472 890 2538 quam
914 2454 1063 2540 Procopius
1087 2458 1195 2542 scripsit
1216 2459 1294 2540 Aga·

197 2554 270 2618 thiae
290 2556 501 2646 Myrrhinaeus3
521 2576 585 2617 nam
608 2565 636 2616 et
663 2566 753 2628 artos,
779 2566 809 2619 et
829 2554 1006 2641 epistolarum
1031 2557 1159 2645 exempla
1179 2562 1294 2645 prolert,

198 2658 295 2742 utribus
309 2658 464 2723 Hunnorum
478 2656 601 2721 Ducibus
618 2652 655 2718 ad
671 2652 802 2719 inuidiam
824 2669 853 2718 et
867 2657 932 2719 odia
948 2658 1087 2735 excitatis,
1111 2672 1139 2722 et
1155 2663 1190 2723 ad
1205 2663 1298 2726 ciuilia

198 2757 274 2823 bella
288 2758 477 2823 crudelissimo
492 2758 606 2822 dissidio
623 2757 813 2831 inflammatis,
835 2777 899 2820 earn
916 2772 1029 2843 gentem
1043 2762 1150 2845 penitus
1165 2763 1296 2830 aboleuit.

198 2861 260 2925 Nee
273 2861 345 2925 siluit
362 2859 586 2947 patrimoniorum
601 2870 629 2923 et
645 2858 846 2923 haereditatum
860 2858 970 2944 rapinas
991 2882 1081 2947 aeque
1094 2862 1123 2926 in
1138 2865 1297 2950 superstites

94 3020 97 3025 r
197 2963 316 3041 liberos,
353 2986 388 3027 ae
413 2962 442 3027 in
471 2963 629 3059 demortuos
656 2972 805 3047 parentes,
843 2960 987 3038 crudoles,
1023 2960 1152 3042 iniustas,
1188 2966 1295 3055 impias.

198 3066 293 3147 Quare
306 3065 420 3131 lustinus
433 3084 577 3129 successor
590 3061 664 3149 apud
678 3061 838 3149 Gorippum,

362 3212 525 3229 ---
543 3186 627 3247 l's‘ous
642 3188 720 3267 putri
737 3174 787 3265 pisi
804 3185 923 3245 mtsttm
942 3184 1042 3262 mss,

364 3290 513 3354 Thesauros
526 3290 598 3370 fids's
610 3282 732 3372 paedor
744 3286 820 3369 serra
838 3290 967 3350 arbuteis
1083 3365 1085 3369 ι

357 3390 486 3475 Imperat.
499 3412 718 3430 ·-·-·“-·

197 3507 270 3573 Nam
292 3504 429 3595 Corippus
447 3507 593 3575 Africanus
613 3518 669 3571 tarn
691 3504 858 3593 improuidus
879 3521 922 3573 ast
940 3505 1080 3573 lastiniani
1100 3521 1183 3593 atque
1200 3506 1292 3573 lustini
1308 3520 1332 3579 Ρ
1348 3520 1390 3578 lv

196 3609 335 3687 adulator,
365 3633 446 3698 quam
463 3610 533 3676 leuis
552 3610 655 3685 Poeta;
684 3609 712 3673 in
732 3609 845 3673 alterius
867 3610 941 3674 enirn
959 3610 1084 3674 laudibus
1098 3610 1231 3687 exultans,
1254 3611 1293 3675 al·

197 3710 282 3775 terius
304 3712 333 3777 in
360 3713 588 3800 vituperationem
607 3712 708 3777 labitur
728 3712 866 3789 incantus,
895 3712 941 3775 uel
963 3713 1054 3798 potins
1072 3712 1201 3776 addurtns
1221 3713 1294 3777 veri·
1328 3699 1331 3705 ¹

197 3823 264 3878 tate.
306 3814 460 3904 Gregorius
473 3814 641 3879 Turonensis
658 3814 799 3880 lastiniani
812 3813 956 3878 avaritiam
971 3814 1150 3877 electissima
1170 3827 1295 3880 matrona

197 3913 300 3979 luliana
312 3917 412 3982 Anicia
425 3918 548 3983 delusam
562 3915 697 3980 luculenta
711 3915 868 3982 narratione
882 3929 1084 3981 commemorat.
1128 3914 1295 3981 Vitalianum

196 4018 233 4085 V.
253 4017 286 4082 C.
309 4018 451 4083 Romanae
471 4020 587 4085 militiae
609 4018 784 4106 Magistrum,
804 4018 944 4085 iustiniani
968 4017 1088 4082 lectione
1106 4016 1296 4105 interemptum

197 4133 290 4185 narrat
305 4120 401 4187 Viator
415 4121 577 4188 Teanensis.

281 4222 307 4286 ls
327 4223 404 4311 ipss,
427 4236 456 4289 et
476 4224 623 4289 Liberatus
643 4220 789 4289 Africanus
807 4221 957 4290 memoriae
973 4220 1151 4306 prodiderunt
1170 4219 1294 4287 eiusdem

197 4324 401 4391 innuis'ersum
426 4326 648 4391 Eoslasiastisnm
676 4326 819 4400 ordinem,
854 4326 883 4390 in
911 4323 1067 4410 Episcopos
1088 4324 1228 4401 Orientis,
1264 4335 1295 4389 et

196 4428 325 4506 Altinae,
348 4429 377 4494 in
395 4430 533 4498 Romanos
554 4427 702 4496 Poutitlees
721 4427 865 4501 susubium
885 4440 913 4493 et
932 4414 1134 4494 immanitatem.
1179 4426 1292 4504 Contra,
1310 4429 1401 4491 vast
