3125 4959
610 409 754 480 norm
778 411 1004 482 titulum.
1132 397 1135 400 ’
1282 409 1360 486 437

255 571 327 651 ieo3
345 569 551 651 Ἰανστινιανίς
571 569 717 658 ίίαβε’
672 598 788 650 παντας
808 572 880 650 torio
897 570 1086 680 ἆνθρῶπαας
1106 570 1212 651 oricoli,
1233 577 1285 642 καί
1305 573 1361 642 ov'·
1424 626 1426 631 ι

255 657 306 724 τίν
326 658 360 723 δὲ
382 657 461 742 εἶχεν
487 661 520 726 ἐν
540 665 585 746 τῷ
605 663 681 745 otro
711 654 807 723 αυτοῦ
826 657 1145 743 παραφυλαττόμενον.
1188 666 1360 724 Succorum

254 747 385 824 Sergio,
408 759 443 805 ut
463 723 623 807 isaacium
646 724 885 820 Il'umulorium,
908 759 936 805 et
956 750 1151 808 Belicarium
1168 751 1359 828 gloriosiori-

257 851 337 888 mum
354 833 523 908 patricium
545 836 682 891 conscios
695 834 920 890 coniurationis
942 832 1104 908 indicaret,
1125 855 1240 893 necnon
1253 836 1362 895 Vitam

254 916 496 990 Numulcrium,
526 927 554 974 et
574 919 715 976 Paulum
742 917 893 976 Belisurii
917 930 1157 996 procuratorum.
1198 922 1248 978 Hi
1275 939 1360 978 corn·

247 1000 406 1080 prehensi,
439 999 612 1081 traditique
630 1005 783 1080 Procopio
806 1001 890 1060 urhis·
905 1005 1062 1079 praefecto
1084 1007 1278 1063 Belicorium
1297 1025 1362 1084 pa-

252 1088 378 1143 tricium
407 1098 605 1150 accusarunt.
657 1088 763 1164 Quare
790 1087 946 1145 Belisart'o
976 1087 1091 1147 Coerar
1116 1092 1221 1148 iratae
1250 1093 1362 1169 quinta

252 1169 302 1227 dte
316 1171 494 1230 Decembria
514 1170 627 1230 indixit
645 1182 797 1247 cenatum,
817 1183 984 1251 vocatoque
999 1175 1200 1232 ‚sanctissimo
1216 1177 1363 1253 patriar·

252 1254 312 1312 clm
332 1254 484 1334 Eutychio
507 1259 706 1333 confessiones
726 1258 766 1315 ill
752 1258 854 1315 lorum
875 1257 937 1336 legi
957 1260 1066 1333 iussit;
1086 1255 1173 1337 quod
1183 1260 1364 1326 Belicoriuc

252 1335 442 1419 iniquissime
462 1341 552 1419 cuttu·
580 1363 653 1400 nom
681 1345 772 1400 iussn
793 1344 987 1420 imperatoris
1013 1345 1095 1403 omni
1115 1343 1266 1402 castellitio
1286 1363 1361 1422 cpo-
1377 1349 1404 1405 V
1422 1349 1474 1408 ³¹11

251 1425 364 1500 lictus,
385 1424 470 1485 domi
490 1389 552 1488 auli
571 1424 712 1487 custodio
729 1425 869 1486 detentae
889 1438 942 1490 eet.
984 1430 1165 1529 Insequeuta
1186 1448 1258 1486 vero
1279 1447 1361 1488 anuo

250 1515 299 1615 τῇ
312 1505 419 1615 δεκάτῃ
441 1506 558 1618 ἐνναίτῃ
575 1516 633 1575 tori
652 1507 777 1575 Ἰουλίου
799 1506 893 1592 μηνὸς
915 1509 1025 1592 ἐδέχθη
1046 1506 1223 1591 Βελισᾶριας
1242 1504 1361 1574 cinolo-

251 1590 319 1676 βαίν
340 1592 441 1670 παίσας
461 1593 516 1670 τίς
538 1590 638 1672 αίξίας,
669 1595 789 1656 decimo
809 1618 891 1656 nona
911 1595 961 1655 die
981 1599 1093 1656 mensio
1114 1597 1190 1657 latta·
1211 1598 1360 1656 concilia-

251 1691 305 1738 tus
328 1691 372 1738 oct
387 1682 582 1761 Belisariua,
608 1693 635 1740 et
654 1684 688 1740 in
704 1684 877 1760 pristinum
896 1679 1035 1760 gradum
1060 1684 1228 1742 restitutus.
1270 1685 1359 1751 Anno
1400 1706 1402 1710 ·
1489 1707 1494 1717 ·

252 1763 378 1825 demum
404 1768 558 1846 trigesimo
580 1777 686 1827 octavo
706 1769 866 1826 iustiniani
886 1765 962 1873 μιρνὶ
983 1770 1112 1868 Μαρτίῳ
1132 1770 1254 1852 coitura
1272 1771 1362 1829 teu-

252 1846 359 1930 ααίριος
380 1850 399 1915 o‘
419 1854 576 1956 πατρίκιος
595 1852 630 1917 iv
649 1853 815 1958 Βυζαντίῳ,
834 1850 932 1913 stol
908 1876 930 1931 η
951 1846 1062 1914 τούτου
1082 1854 1243 1935 περιανσία
1262 1844 1361 1930 ἦλθεν

250 1931 352 2006 νίς
323 1959 375 1998 τον
396 1934 587 2000 tranctanda
607 1931 754 2000 οἷκον
722 1960 775 2000 ταν
784 1915 962 2018 Μαρίνηςε
992 1934 1226 1996 decimotertio
1247 1938 1361 1999 mentio
1378 1943 1403 2000 Δ
1418 1943 1455 2003 86

249 2019 364 2078 Martii
384 2025 514 2081 moritur
535 2022 714 2082 Beliscrius
732 2023 891 2102 patricium
910 2024 1077 2102 Byzantii,
1106 2025 1199 2083 cuiue
1213 2024 1363 2102 fortunat

249 2099 394 2177 addictae
416 2107 551 2184 fuerunt
572 2108 742 2186 Auguatoc
768 2105 879 2165 domuc
898 2108 1110 2166 Morinionce.
1155 2107 1243 2166 idem
1270 2105 1363 2165 habet

248 2162 428 2247 Vaticanum
449 2188 612 2252 chronicon
629 2196 836 2276 Anonymum,
859 2199 890 2246 et
910 2194 1054 2249 Zonaras.
1092 2193 1180 2249 Haec
1198 2191 1290 2270 paulo
1308 2191 1362 2248 iu-

250 2275 330 2348 sius,
351 2283 386 2332 ut
407 2275 502 2334 talsae
524 2272 562 2333 da
583 2276 730 2332 Belisario
753 2267 895 2333 historiae
917 2271 1041 2332 taudem
1061 2274 1232 2349 facessant,
1260 2295 1362 2356 nequo

250 2359 283 2416 in
304 2370 459 2437 posterum
474 2361 603 2418 fabellae
624 2358 661 2417 de
679 2358 818 2416 Belisarii
841 2358 931 2417 obolo
953 2357 1122 2435 credamus,
1143 2363 1195 2418 vel
1207 2361 1361 2434 Aimoiuo,

251 2446 305 2524 qui
331 2445 397 2506 1.2
427 2443 465 2505 de
496 2455 573 2526 gest.
594 2446 701 2504 Frauo.
730 2444 913 2504 Belisarium
938 2442 1179 2505 contrucidatum
1199 2465 1218 2507 a
1238 2446 1362 2505 Francis
1410 2475 1413 2482 ¹

250 2531 424 2588 somniavit.
976 2591 979 2595 .

335 2614 371 2670 1³.
388 2615 459 2685 107,
483 2615 534 2675 11·
580 2613 749 2672 constares
764 2614 944 2691 provinciae
963 2613 1093 2692 mittere]
1113 2617 1160 2674 De
1181 2609 1241 2687 hit,
1263 2611 1364 2694 deque

248 2705 331 2755 secia
351 2696 532 2753 Ariauorum
557 2698 664 2754 ritibus
685 2696 864 2770 interdicta,
893 2697 1083 2775 sirtgulisquo
1112 2700 1180 2759 aliis
1202 2699 1362 2778 capitibus,

249 2799 331 2862 quae
355 2778 407 2838 hic
434 2791 611 2856 enumerat,
641 2784 704 2860 agit
724 2791 812 2840 autor
834 2781 857 2839 l·
879 2785 901 2844 2
921 2781 995 2839 bell.
1016 2779 1114 2843 Vand.
1157 2783 1252 2842 Porro
1282 2801 1362 2861 quac

249 2863 289 2924 de
310 2867 429 2924 Arianis
451 2863 608 2943 dicuntur,
637 2877 671 2926 ut
698 2885 791 2946 supra
819 2862 859 2924 ad
887 2885 920 2945 p.
942 2867 984 2930 51
1012 2866 1250 2947 explicavimus,
1279 2867 1362 2925 accie-

248 2948 361 3032 pienda
382 2962 464 3011 sunt.

151 3029 157 3040 ¹
333 3039 370 3094 P
394 3040 487 3109 107,
497 3034 548 3099 15.
591 3031 668 3096 Ital
656 3055 689 3093 ια
709 3036 805 3114 triplo
830 3035 901 3093 licet
920 3005 1039 3112 Africa
1058 3033 1188 3114 maior]
1208 3033 1311 3107 assim
1333 3043 1363 3092 et

247 3113 371 3220 Λιβύη,
395 3131 430 3179 ut
453 3121 593 3193 Graecis,
625 3123 669 3178 sic
697 3130 727 3177 et
748 3120 866 3178 Latinis
888 3121 1043 3187 autoribus
1065 3140 1147 3178 nunc
1168 3119 1295 3199 quidem
1316 3129 1363 3178 est

245 3225 332 3285 pars,
361 3207 394 3262 in
425 3205 495 3264 orbe
525 3216 674 3263 terrarum
700 3207 868 3306 tripartito,
896 3203 1047 3279 secuuda3
1078 3223 1161 3262 nunc
1183 3223 1254 3262 vero
1277 3206 1363 3282 regio

233 3288 349 3358 ,eidem
370 3301 520 3350 terrarum
538 3286 618 3369 parti
640 3308 820 3366 cognomen,
842 3292 876 3346 in
896 3310 957 3371 qua
979 3300 1025 3349 est
1046 3286 1196 3367 Carthago
1211 3288 1283 3346 urbs
1302 3308 1362 3347 no·

246 3375 410 3434 bilissima.
451 3378 497 3433 De
522 3372 581 3432 hac
600 3373 693 3433 modo
714 3375 869 3452 intelligit.
911 3377 995 3447 Quae
1020 3384 1190 3455 sequuntur
1210 3372 1248 3434 de
1270 3375 1361 3431 variis

184 3489 186 3494 .
246 3463 487 3540 provinciarum,
518 3470 548 3517 et
574 3459 758 3538 populorum
782 3457 1054 3535 devastationibus,
1085 3461 1186 3519 fusius
1211 3455 1363 3517 habentur

247 3547 281 3604 in
303 3546 370 3604 aliis
392 3545 535 3604 historiae
556 3545 760 3622 Procopianae
782 3545 879 3603 libris.

333 3633 461 3705 21⁰7,
485 3629 553 3693 15:
580 3627 701 3688 indicto
724 3628 803 3687 bello
825 3629 995 3688 inconsulto
1015 3627 1155 3706 recidere]
1181 3625 1225 3686 Ob
1246 3623 1289 3700 id,
1311 3636 1360 3684 at-

248 3733 311 3795 quo
338 3715 377 3772 ob
405 3715 521 3773 auxilia
548 3715 704 3792 neglecta,
733 3723 805 3772 suut
832 3734 851 3773 a
872 3711 1005 3772 Ghosroii
1029 3711 1183 3770 devastata
1205 3711 1361 3790 complura

248 3801 372 3859 orientis
394 3798 516 3880 oppido,
538 3802 664 3880 ipsaque
678 3797 858 3874 Antiochia3
881 3801 967 3858 cuius
981 3795 1190 3858 miserandum
1205 3795 1360 3854 excidium

247 3905 312 3943 non
339 3895 404 3942 tam
433 3895 535 3946 narrat
554 3885 752 3964 Procopius„
767 3903 862 3964 quam
883 3882 1036 3965 deplorat,
1064 3884 1164 3964 priore
1187 3892 1273 3962 parta
1294 3881 1362 3944 l.2

247 3969 322 4030 bell.
342 3971 428 4028 Pers.
1410 4011 1412 4015 -

332 4052 471 4128 2110,
497 4055 529 4117 1.
570 4053 722 4115 Animum
742 4048 788 4111 cd
807 4053 958 4114 sublimio
982 4047 1182 4125 traducere,
1184 4045 1237 4110 dii
1263 4058 1361 4106 natu-

247 4159 318 4198 ram
345 4141 516 4198 curiosius
515 4136 739 4220 perscrutari]
769 4140 972 4215 Brevissime,
1003 4135 1059 4196 sed
1086 4137 1165 4194 claro
1193 4120 1361 4213 Procopius

247 4223 362 4284 indicat
383 4226 543 4286 iustiniani
567 4225 667 4286 studia
687 4223 837 4304 Theolog'
810 4243 886 4282 vica.
929 4225 1060 4283 Omnino
1081 4223 1309 4294 illiteratum,
1305 4238 1360 4276 sen

248 4307 488 4390 analphabetum
515 4331 579 4371 non
606 4313 700 4372 fuisse
726 4307 818 4390 adp.
839 4313 881 4374 28
902 4310 1106 4390 probat-lmus.
1148 4300 1236 4376 Quod
1258 4314 1360 4362 autem

250 4393 288 4454 dc
313 4416 414 4457 rerum
437 4396 608 4459 divinarum
629 4394 731 4460 studio
753 4392 837 4456 dixi:
860 4396 904 4455 sic
924 4405 1005 4456 totus
1025 4395 1057 4453 in
1077 4388 1157 4456 illud
1163 4390 1360 4475 lastinianus
