3125 4959
258 434 321 482 xrs
355 420 357 428 ’
567 410 767 479 utentum
788 412 1046 481 ntsssntntm.

257 602 319 649 cum
334 581 415 647 laude
430 592 596 654 memorato:
622 604 677 645 nou
692 580 823 652 itemabi
843 582 930 647 refert
956 581 1111 661 lastiniani,
1132 583 1356 674 'llaeodoraeque

257 686 394 759 laeinora;
418 684 472 749 imo
493 682 628 769 pleraque
642 683 697 747 hoc
713 684 786 747 lihro
800 704 819 745 a
832 682 1179 771 Procopiopraeterrnissa
1198 703 1303 767 namet,
1326 701 1354 755 et

257 810 353 854 eorum
378 809 450 875 quae
465 786 501 851 ah
523 807 559 849 eo
581 785 626 850 hic
647 809 837 873 nonnunquam
857 786 993 851 incuriose
1015 788 1181 866 scribuntur,
1204 790 1265 877 ipse
1281 793 1353 870 loca,

256 903 401 977 tempora,
428 890 549 954 virorum
569 888 695 964 nomina,
725 887 943 975 occasionesque
967 904 1219 976 rerumgestarum
1246 893 1357 979 iusuper

257 990 387 1077 explieat.
432 992 467 1057 Ut
481 990 564 1076 plane
584 989 649 1053 hinc
664 989 851 1077 intelligamus
866 1012 921 1055 non
938 1010 975 1055 ex
995 990 1123 1077 Procopii
1143 991 1200 1056 hoc
1215 994 1292 1059 lente
1308 995 1356 1059 illa

258 1092 382 1157 derivata
397 1090 490 1156 luisse,
534 1092 610 1155 Sane
626 1090 652 1155 in
672 1112 822 1177 paucorum
837 1114 933 1157 manns
952 1091 1009 1156 hoc
1024 1092 1151 1157 uolumen
1169 1094 1236 1158 olim
1257 1118 1359 1181 perse·

257 1195 332 1260 uisse
348 1192 476 1279 probarit
490 1192 636 1279 diligentia
649 1194 790 1257 doctorum
803 1192 939 1269 virorum,
962 1194 1024 1279 qui,
1046 1194 1110 1259 dum
1135 1195 1208 1259 hanc
1231 1193 1282 1260 nos
1296 1198 1355 1262 edi·

258 1294 361 1361 tionem
375 1292 555 1379 parabamus,
578 1294 702 1362 certatim
718 1294 788 1382 Viro
802 1293 971 1380 amplissimo
985 1295 1110 1380 Scipioni
1126 1296 1267 1363 Cardinali
1285 1299 1357 1364 sau·

258 1412 321 1459 ctae
332 1397 475 1461 Susannae
495 1396 529 1461 E.
541 1398 573 1461 ll.
591 1395 810 1461 bibliothecario
823 1395 852 1459 in
871 1394 1068 1484 insignioribus
1088 1398 1268 1465 bibliothecis
1284 1399 1358 1465 huno

257 1496 356 1561 librum
371 1496 469 1562 trustra
485 1496 708 1583 perquisivernnt.
751 1497 925 1563 Posteriores
939 1510 1031 1563 autem
1046 1499 1186 1577 Historici,
1208 1502 1358 1587 siquidem

258 1598 326 1683 ipsis
340 1597 418 1663 huius
432 1598 513 1684 copia
524 1598 612 1663 libelli
627 1598 737 1675 luisset,
756 1620 793 1665 ea
805 1599 917 1664 minime
930 1601 1143 1682 commisissent,
1165 1617 1238 1681 quae
1251 1618 1289 1665 ex
1302 1598 1358 1662 hac

258 1699 374 1765 historia
390 1698 418 1763 in
431 1700 546 1785 {illorum
571 1700 751 1765 monumentis
775 1722 846 1766 nune
859 1702 1038 1782 ⁴enrcudanda
1058 1712 1211 1774 occurrunt.
1253 1701 1358 1765 Horum
1417 1737 1419 1741 ·

258 1822 328 1867 sane
351 1800 437 1865 video
458 1802 609 1875 neminem,
632 1802 678 1888 qui
702 1802 797 1889 operis
815 1802 930 1869 huiusce
952 1803 1123 1894 meminerit,
1144 1815 1257 1890 praeter
1277 1824 1359 1865 unum

258 1902 448 1989 Nicephorum
463 1902 584 1977 Callisti;
608 1902 632 1965 is
646 1925 715 1986 vero
729 1926 820 1991 neque
835 1916 1034 1993 argumentum,
1055 1926 1146 1993 neque
1156 1904 1258 1970 titulum
1269 1918 1357 1979 recte,

259 2018 390 2091 certeque
416 2004 497 2069 nobis
512 2004 648 2091 explicat,
670 2017 773 2070 tautum
796 2008 876 2071 abest
891 2020 919 2071 ut
946 2007 1170 2073 commentarium
1197 2007 1285 2093 ipsum
1306 2006 1356 2070 ali·

260 2107 369 2192 quando
384 2106 497 2193 legerit.
530 2106 615 2193 ‚Unus
630 2106 731 2169 Suidas
745 2122 810 2173 aute
824 2108 927 2196 aliquot
939 2109 1031 2173 secula
1046 2108 1148 2172 honam
1162 2107 1222 2171 nius
1240 2121 1356 2191 partone

259 2230 293 2271 ac
308 2207 369 2271 lere
386 2205 594 2273 luculentiorem
608 2209 763 2297 decerpsit,
786 2234 867 2298 quam
878 2231 914 2274 ex
930 2206 1191 2287 eiusfiollectaneis
1209 2206 1274 2269 hinc
1292 2206 1358 2271 inde

157 2316 246 2373 PVII
261 2309 439 2373 recollectam
464 2332 543 2373 unum
567 2309 596 2373 iu
616 2310 705 2375 locum
725 2312 761 2373 ad
782 2324 889 2373 neuras
907 2308 995 2371 Notas
1016 2306 1196 2385 coniecimus,
1225 2322 1254 2373 ut
1273 2331 1356 2395 argu·

260 2424 355 2475 mento
382 2411 416 2475 sit
442 2413 560 2475 eandem
584 2408 764 2477 Ἀνεκδότων
784 2408 913 2495 Procopii
941 2409 1091 2474 editionem
1117 2430 1196 2484 esse,
1219 2401 1300 2496 quam
1328 2422 1358 2475 et

258 2513 360 2577 Suidns
380 2512 490 2586 hahuit,
516 2523 545 2575 et
566 2534 616 2573 nos
639 2510 693 2574 hae
715 2512 824 2576 demum
848 2523 940 2575 aetate
960 2512 1113 2598 vulgamus.
1154 2512 1233 2574 Hunc
1247 2511 1357 2595 quidem

258 2614 428 2701 posteriores
443 2615 571 2679 llistoriei
592 2615 691 2693 lihrum
710 2636 766 2680 uon
781 2612 921 2687 sideman
940 2626 1037 2698 quotus
1056 2623 1150 2674 tamen
1166 2610 1280 2697 quisquc
1295 2611 1356 2676 illo·

260 2740 318 2781 rum
332 2730 388 2793 est,
411 2718 457 2802 qui
473 2717 601 2783 traditam
614 2717 691 2805 quasi
703 2728 755 2804 per
769 2738 865 2779 manus
879 2714 915 2777 de
935 2711 1072 2777 Iustiniani
1086 2712 1202 2799 flagitiis
1214 2712 1357 2778 historiam

258 2840 314 2881 non
331 2830 456 2904 repetat,
478 2833 560 2907 atque
580 2818 742 2887 conlirmet'l
763 2815 908 2895 Quaedam
925 2825 1068 2878 narrarunt
1079 2812 1270 2901 Theophanes
1282 2817 1355 2881 lsau·

257 2940 319 2996 rus,
342 2921 384 2985 sir
398 2922 529 2998 Sanctus,
552 2922 639 2987 Autor
654 2916 786 2982 Chronici
806 2916 1002 2993 Alexandrini,
1023 2916 1142 2980 loannes
1160 2918 1355 2994 Antioclrenus,

258 3022 374 3095 Suidas;
394 3021 524 3085 nonnulla
546 3019 707 3085 Anastasius
727 3018 971 3094 bibliothecarius,
1001 3018 1101 3083 Paulus
1122 3018 1276 3095 Diaconos,
1308 3019 1355 3084 hi·

260 3121 380 3197 moinus;
403 3122 535 3209 pleraque
547 3122 665 3186 loannes
683 3121 823 3197 Zonaras,
847 3120 988 3207 Georgius
1001 3122 1159 3196 Cedrcnns,
1181 3120 1357 3205 Nicephorus

261 3222 383 3301 Callisti,
402 3223 601 3310 Ephraemins,
621 3224 722 3311 aliique
736 3220 934 3287 Chronicorum
947 3236 1065 3289 autores.
1107 3222 1229 3301 Quorum
1238 3222 1358 3288 omniurn

192 3332 247 3386 Ab
264 3326 434 3391 narrationes
449 3348 543 3390 eorum
556 3325 676 3390 maximo
693 3323 848 3389 testimonio
862 3324 1020 3401 innituntur,
1045 3322 1090 3410 qui
1105 3323 1241 3407 Procopio
1256 3346 1362 3410 aequa·v

200 3467 202 3471 ·
260 3430 303 3493 les
318 3430 413 3505 luere,
436 3453 470 3492 ae
492 3429 590 3492 eadem
607 3449 677 3515 quae
694 3425 742 3489 ille
758 3426 795 3489 de
810 3425 957 3490 Iustiniano
972 3426 1152 3511 seripserunt,
1176 3424 1281 3489 scilieet
1300 3427 1356 3490 lle·

177 3596 181 3613 ,
260 3527 371 3621 spchius
388 3530 534 3607 lllilesius,
556 3530 655 3595 Paulus
673 3529 789 3604 Florus,
819 3527 957 3616 Agathias
973 3528 1181 3616 hlprrhinaens,
1202 3528 1358 3592 Menander

261 3633 418 3709 Protector,
439 3632 578 3719 Euagrius
599 3630 803 3707 scholasticus,
830 3630 948 3694 loannes
978 3629 1209 3716 Epiphaniensis,
1238 3628 1357 3716 Cprillus

259 3734 516 3820 Scpthopolitanus,
539 3733 712 3819 Theophilus
734 3731 872 3797 Iustiniani
894 3733 1077 3819 Praeceptor,
1104 3730 1276 3796 lunocentins
1295 3731 1356 3794 hla-

260 3835 402 3909 ronianus,
425 3834 581 3899 Eustathius
593 3834 754 3923 Byzantius,
778 3848 859 3899 etex
879 3833 983 3897 Latinis
1000 3834 1097 3899 Victor
1115 3832 1277 3910 Tnnnensis,
1292 3835 1356 3899 Fla·

259 3936 320 3999 rius
348 3937 513 4001 Cresconius
541 3936 691 4022 Corippus,
720 3936 875 4026 Gregorius
895 3935 1080 4012 Turonensis,
1102 3935 1249 3999 Liberatus
1277 3934 1356 4009 Aler,

259 4038 404 4103 Facundus
434 4038 655 4113 hermianensis,
685 4038 787 4126 aliique
815 4038 986 4125 complures,
1015 4061 1128 4125 quorum
1153 4034 1309 4101 testimonia
1329 4034 1358 4097 in

153 4186 155 4191 .
257 4139 338 4204 Notis
352 4140 511 4217 Historicis,
536 4153 615 4227 prout
635 4162 681 4205 res
698 4140 759 4227 ipsa
780 4140 943 4227 postulabit,
966 4141 995 4207 in
1014 4140 1135 4205 medium
1156 4137 1312 4222 alienemus.

342 4274 402 4339 Sed
416 4298 471 4339 non
487 4288 528 4341 est
544 4300 592 4341 eur
605 4288 750 4365 tantopere
760 4276 958 4343 historicorum
975 4274 1158 4341 testimouium
1175 4273 1240 4339 licet
1254 4294 1355 4359 aequa·

161 4372 248 4429 ν269
263 4373 328 4443 lium
342 4377 388 4443 hic
402 4398 561 4467 urgeamus;
583 4402 645 4445 cum
661 4378 735 4445 domi
751 4392 852 4456 testes,
874 4380 949 4469 iique
962 4376 1169 4467 locupletissimi
1187 4399 1244 4442 uon
1257 4374 1356 4452 desint,
