3125 4959
274 427 352 500 366
622 428 670 498 lli
692 429 805 498 mss.
828 427 1028 499 melnen

272 596 340 655 lloc
360 593 538 675 epigrama,
561 592 645 678 quod
664 596 794 659 Ioannes
818 592 973 656 Brodaeus
1001 614 1110 678 parum
1138 593 1310 670 intellexit,
1339 612 1379 654 ex

271 677 332 738 boc
352 682 493 761 Procopii
514 683 582 741 loco
602 682 780 741 illustratur.
823 681 911 755 Quod
931 683 973 742 ait
994 682 1034 742 de
1055 682 1232 759 consulatu,
1262 679 1302 739 de
1321 676 1380 740 ho⁴

270 767 392 826 uorario
413 767 564 846 intelligas
584 786 709 826 necesse
730 777 787 826 est.

354 870 390 927 P.
413 866 465 943 44,
489 867 541 932 14.
582 868 619 929 A
636 871 845 949 mqtetraru,
865 868 922 948 qui
942 863 980 926 td
997 869 1132 928 manete
1151 866 1253 947 haber]
1279 865 1382 925 Habe-

268 952 322 1010 bat
342 951 375 1010 id
395 973 507 1012 munus
524 954 686 1036 primarius
714 974 733 1013 a
760 955 902 1030 secretis,
934 973 1027 1035 quem
1053 955 1235 1034 posteriores
1258 952 1381 1010 orientis

268 1039 466 1116 imperatores
489 1040 704 1117 nocentiore,
732 1042 797 1100 sive
818 1035 873 1101 uir
900 1033 963 1102 aiud
986 1040 1154 1101 Kouralios
1174 1041 1380 1097 nominarunt.

268 1125 424 1203 frequens
455 1135 501 1183 est
530 1127 596 1184 eius
627 1127 743 1184 mentio
771 1122 854 1205 apud
882 1125 1079 1204 Gregentium
1112 1127 1287 1202 episcopum
1316 1123 1382 1179 Ta-

268 1207 445 1288 phrensem,
467 1207 634 1285 (lodium,
654 1214 809 1286 Nicetam,
831 1220 862 1268 et
882 1213 1063 1270 recentIores
1083 1207 1226 1268 historiae
1249 1209 1404 1265 Graecae.

269 1298 440 1373 scriptores.
484 1298 583 1355 Huius
604 1299 798 1378 magistratus
827 1296 978 1372 officium,
1007 1315 1044 1355 ac
1071 1297 1205 1356 nominis
1234 1293 1382 1352 rationem

268 1383 374 1439 statim
395 1381 627 1460 explicabimus.

352 1484 390 1540 P.
412 1481 470 1557 44,
497 1482 547 1546 15.
593 1482 681 1559 Quae
701 1479 764 1560 legi
783 1482 899 1556 Latine
915 1479 1060 1562 possent]
1091 1481 1269 1539 Etiamnum
1293 1473 1381 1536 vide·

269 1586 339 1626 mus
368 1565 407 1625 ad
436 1569 551 1627 calcem
573 1567 756 1624 Graecarum
777 1569 1026 1625 constitutionum
1056 1567 1292 1644 subscriptiones
1319 1565 1382 1620 im-

269 1663 453 1731 peratorum,
475 1662 622 1732 notasque
645 1653 806 1709 consulum
820 1653 951 1726 Latinas,
972 1649 1108 1710 sednon
1129 1653 1172 1709 ita
1193 1650 1291 1718 multo
1313 1656 1381 1728 post

270 1738 493 1797 obsoleverunt.
534 1740 617 1816 Lege
638 1733 692 1801 74.
713 1736 870 1798 novellam
890 1737 1064 1813 Iustiniani,
1096 1745 1128 1796 et
1154 1733 1211 1795 bas
1231 1743 1320 1795 notas
1341 1729 1382 1791 ad

159 1827 165 1834 ’
268 1821 512 1902 pfflfflffi

352 1923 390 1980 Ρ.
412 1919 470 1995 44,
495 1919 546 1985 15.
589 1921 735 1981 Formam
763 1929 899 2000 quatuor
926 1919 1120 2002 litterarum]
1152 1916 1319 1982 Audieram
1347 1917 1382 1976 in

267 2002 391 2066 arcbiro
424 2006 596 2066 Cassineusi
626 2003 733 2064 haberi
763 2005 873 2064 lustini
908 2002 1076 2086 diplomata
1111 2005 1249 2067 eiusdem
1286 2023 1381 2062 ruanu

266 2094 461 2170 consignatae
490 2111 531 2150 ex
552 2092 665 2173 quibus·
685 2092 817 2149 fomlam
837 2091 961 2149 illarum
982 2102 1111 2173 quatuor
1130 2093 1301 2150 litterarum
1322 2108 1380 2147 ex·

265 2178 377 2257 cipere,
399 2196 565 2258 earumque
579 2175 802 2256 longitudinem
815 2176 1078 2257 latitudinemque,
1101 2188 1130 2236 et
1151 2179 1272 2257 apicum
1293 2176 1380 2253 ipso-

263 2283 334 2322 rum
354 2264 513 2341 ingenium
539 2282 658 2322 summa
683 2281 743 2342 qua
763 2261 829 2320 fieri
855 2264 1004 2343 potuisset
1023 2260 1172 2322 industria
1193 2259 1380 2320 adamussim

264 2349 455 2428 exprimere,
484 2349 602 2429 tibique
621 2349 731 2406 Lector
750 2367 920 2430 proponere
949 2350 1174 2407 constitueram.
1218 2343 1281 2404 Sed
1307 2363 1380 2423 per-

263 2433 360 2492 fertur
389 2431 429 2492 ad
455 2454 506 2493 me
532 2434 575 2491 ibi
596 2434 705 2492 lustiui
726 2453 840 2493 nomen
861 2435 1014 2512 integrum
1036 2452 1113 2493 esse.
1155 2434 1255 2505 Quare
1278 2427 1380 2509 diplo-

262 2530 347 2578 mata
368 2538 446 2600 quae
470 2520 544 2581 aliis,
561 2520 654 2576 etiam
682 2518 720 2578 de
744 2519 842 2577 causis
870 2529 1027 2597 suspectae
1054 2517 1127 2577 fidei
1152 2518 1229 2577 olim
1247 2515 1379 2574 baronio

263 2605 330 2663 visa
351 2614 437 2680 suut,
460 2624 500 2664 ex
521 2601 581 2663 boc
601 2606 742 2685 Procopii
758 2606 827 2664 loco
847 2605 1031 2685 imposturae
1053 2606 1117 2662 iam
1139 2605 1268 2684 quisque
1289 2600 1379 2658 facile

264 2691 434 2748 convincat.
478 2689 639 2749 Caeterum
666 2690 793 2750 Procius
829 2700 970 2770 quaestor
1002 2701 1132 2770 quatuor
1160 2688 1231 2745 illas
1259 2694 1379 2743 tantum

226 2839 229 2843 ,
263 2775 381 2834 litteras
403 2774 531 2833 tabellae
559 2773 721 2835 incidendo
743 2795 806 2834 nou
828 2774 1037 2835 commoditati
1060 2772 1153 2834 modo
1173 2773 1283 2831 lustini
1304 2788 1379 2828 con-

265 2861 376 2935 suluit,
405 2858 460 2918 aed
490 2863 584 2918 etiam
611 2864 747 2940 priscum
767 2863 976 2920 Romanorum
999 2881 1092 2921 usum
1116 2871 1282 2936 utcumque
1305 2855 1379 2912 reti-

156 2950 252 3006 aloa
267 2949 354 3019 uuit3
383 2947 453 3027 qui,
484 2958 588 3004 autore
609 2944 793 3022 Plutarcho,
821 2948 1019 3026 praenomina
1038 2947 1156 3023 integra
1181 2961 1242 3000 non
1263 2939 1378 2998 scribe·

265 3031 358 3105 bant,
388 3028 525 3109 seduna
546 3031 650 3108 litera,
678 3042 714 3091 ut
735 3050 773 3091 re.
796 3050 828 3091 r.
851 3051 881 3090 a.
904 3030 1039 3107 duabus,
1068 3039 1104 3088 ut
1131 3045 1179 3088 cu.
1199 3024 1314 3102 tribus,
1343 3031 1378 3082 ut

267 3133 338 3176 sex.
361 3133 431 3175 ssu.
454 3119 618 3192 Ausonius,

372 3216 496 3274 Lucius
517 3237 583 3276 uno
604 3216 743 3296 quidem,
761 3217 897 3295 geminis
920 3210 976 3274 sed
994 3210 1110 3273 dissita
1126 3214 1257 3293 punctis

415 3302 540 3360 Littera
555 3322 741 3382 praenomen
761 3303 809 3359 eic
830 3312 904 3360 noto
924 3301 994 3359 sola
1007 3299 1106 3380 jacit.

263 3403 377 3463 Verum
396 3397 472 3461 haec
494 3400 681 3462 consuetudo
702 3403 883 3482 paulopost
903 3404 1077 3462 inteunissa
1098 3410 1160 3460 est:
1181 3419 1256 3458 nam
1277 3399 1379 3459 orien-

264 3491 304 3548 tis
332 3491 530 3568 imperatores
551 3484 704 3567 integrum
729 3508 843 3546 nomeu
870 3490 986 3547 arcanis
1009 3485 1193 3568 quibusdam
1213 3482 1318 3560 nodis,
1349 3492 1379 3541 et

262 3575 523 3653 implicationibus
555 3575 724 3633 litterarum
750 3575 881 3633 scribere
909 3582 1090 3654 coeperunt,
1119 3581 1154 3630 ut
1182 3573 1217 3629 iu
1245 3570 1378 3651 antiquis

264 3679 371 3718 eorum
393 3657 610 3738 diplomatibus
631 3670 773 3740 apparet3
805 3669 836 3718 et
862 3661 977 3718 mentio
1006 3669 1052 3717 est
1077 3660 1111 3716 in
1135 3666 1224 3717 sexta
1250 3654 1379 3737 syuodo,

264 3744 439 3805 actionali
461 3739 678 3824 μονογρᾶμμου
699 3746 889 3822 imperatoris
911 3744 1101 3803 Constantini
1114 3744 1273 3822 Pogouati‚
1295 3736 1379 3822 quod

264 3829 439 3888 continebat
460 3825 517 3887 has
538 3848 639 3902 voces,
664 3829 900 3892 Kuroruocluoo
923 3825 1079 3893 δεσπότου.
1121 3831 1162 3887 Et
1182 3829 1216 3886 in
1238 3825 1377 3905 capitulis

263 3916 366 3973 Caroli
387 3915 483 3972 Calvi.
535 3912 574 3972 Ut
601 3916 635 3971 in
656 3912 795 3971 denariis
815 3935 912 3973 norae
939 3925 1064 3975 nostrae
1088 3924 1225 3974 monetae
1250 3932 1287 3970 ex
1312 3929 1379 3968 una

256 4011 350 4080 parte
378 4020 487 4059 nomen
516 4009 656 4058 nostrum
683 3999 837 4058 habeatur
857 4003 891 4058 in
916 4021 1010 4081 gyro,
1037 4011 1067 4059 et
1094 4002 1128 4059 in
1154 3997 1251 4056 medio
1277 3996 1379 4054 noetre‘

263 4086 398 4143 nominis
427 4104 673 4163 monogrammo.
715 4087 829 4144 Verum
859 4089 950 4145 unica
976 4087 1125 4145 litteral.
1153 4101 1245 4142 suum
1272 4090 1378 4140 notare

263 4171 467 4228 Iustiniauum
489 4173 681 4232 consuevisse
699 4190 813 4229 norueu
833 4171 980 4252 Corippus
1003 4169 1135 4229 indicare
1157 4165 1277 4226 videtur
1298 4166 1376 4224 libro

265 4258 363 4336 primo
386 4267 542 4333 extremo,
570 4257 769 4338 quamobrem
787 4267 817 4315 et
838 4259 899 4338 iota
917 4259 1119 4317 Iustiniaurnn
1139 4255 1258 4333 apicem
1278 4261 1377 4313 vocat.

392 4342 446 4400 Sic
468 4340 561 4401 decue
582 4345 704 4422 imperii
724 4353 882 4419 sanctum,
904 4345 951 4401 sic
972 4340 1041 4400 Iota
1060 4359 1222 4418 resurgens

394 4427 547 4489 Exortum
567 4439 613 4489 est
633 4427 672 4489 de
682 4429 751 4509 sene
771 4450 830 4489 suo
850 4431 1027 4509 seniumque
1047 4445 1191 4507 reponens
1250 4465 1253 4472 -
