3125 4959
241 476 331 523 xvrrr
547 449 748 517 bbEbblNNl
774 452 1034 520 tttssttttmtTtO.

151 621 348 698 exiluisse,
374 620 606 709 pasnadium,
633 618 737 685 babent
758 618 842 686 etiam
861 622 956 687 nescio
979 624 1044 710 quid
1067 622 1195 691 levitatis.
1239 624 1346 701 Tertio,

138 740 230 799 vm
248 746 309 791 cum
333 724 458 789 decretas
484 748 502 789 a
529 721 677 788 lastiniam
698 724 726 787 in
749 724 913 799 llaercticus
939 726 1037 812 capitio
1065 750 1171 812 poenas
1200 729 1348 813 Procopius

248 827 373 901 damnat,
398 825 426 889 in
446 825 539 911 scirpo
554 845 688 912 quaerere
701 827 803 890 nodum
817 825 940 903 ridetur,
961 828 990 891 ui
1011 829 1083 892 sorte
1109 852 1170 893 cum
1195 830 1349 893 Haereticis

249 943 278 993 et
294 928 353 1013 ipae
366 927 514 992 sentiebat.
1301 927 1304 931 ’

333 1047 377 1111 lie
406 1045 473 1123 odio
503 1043 612 1131 quidem
640 1056 722 1133 atque
742 1044 937 1109 malevolentia
964 1058 1043 1112 ratus
1070 1047 1187 1133 suspicio
1208 1058 1265 1121 est,
1296 1068 1351 1131 qua

250 1168 346 1213 omues
371 1130 433 1211 lere
458 1146 584 1211 laborant
612 1146 753 1222 Historici,
795 1146 842 1232 qui
871 1146 1018 1211 veritatem
1040 1147 1152 1213 liberius
1180 1150 1349 1234 prolitentur.

250 1251 286 1315 Et
301 1250 328 1314 iu
349 1248 432 1315 tantis
446 1247 519 1312 vitiis
540 1246 679 1313 bominum
693 1249 773 1335 plura
788 1248 924 1340 culpanda
937 1263 998 1312 sunt
1023 1272 1104 1336 quam
1120 1249 1269 1322 laudanda;
1296 1262 1352 1313 turn

250 1354 273 1418 ai
289 1350 459 1427 laudaveris,
485 1372 596 1437 parcum
623 1350 648 1413 si
670 1349 844 1434 culpaveris,
869 1349 967 1413 nimius
987 1350 1072 1415 luisse
1095 1351 1210 1416 dicaris:
1232 1351 1354 1437 utramuis
1470 1407 1472 1412 ,

252 1454 319 1519 illud
333 1451 510 1539 plenissime,
536 1451 592 1514 boe
614 1449 786 1514 strictissime
811 1449 922 1513 leceris.
966 1453 1026 1516 Sed
1039 1454 1152 1517 llutoris
1166 1453 1289 1517 notitiam
1305 1453 1353 1515 ba·

251 1555 367 1620 beamus
391 1566 456 1619 auto
484 1572 603 1617 necesse
624 1564 680 1624 est,
709 1573 792 1637 quam
814 1552 861 1617 bic
891 1552 927 1615 do
957 1552 1005 1616 illo
1033 1555 1170 1642 quidpiam
1198 1567 1353 1621 statuamus.

253 1656 403 1741 Procopius
418 1656 561 1719 (caesarea
576 1651 765 1727 Palaestinae,
793 1674 865 1739 quae
887 1651 927 1717 illi
943 1654 1032 1737 patria
1055 1654 1116 1731 luit,
1139 1657 1189 1721 snb
1209 1656 1356 1722 decussio

179 1764 203 1821 Δ
221 1766 239 1819 9
254 1760 423 1845 imperatore
437 1755 597 1851 Byzantium
610 1753 701 1829 rouit3
727 1754 774 1819 ubi
788 1755 832 1819 rir
845 1754 937 1819 omnis
949 1756 1065 1843 generis
1080 1757 1257 1833 litteraturae,
1285 1779 1357 1820 mum·

254 1880 371 1944 maeque
398 1858 561 1943 prudentiae
590 1856 673 1921 facile
701 1854 729 1919 in
754 1878 786 1919 se
806 1854 962 1941 Principum
983 1858 1080 1923 oculos
1099 1861 1241 1926 conuertit.
1284 1860 1358 1925 Nam

255 1959 371 2023 lustinus
384 1950 670 2021 Senior'dttttcitttmo
690 1955 871 2040 Reipublicae
890 1970 1033 2043 tempore,
1059 1961 1154 2026 Persis
1176 1960 1253 2025 bello
1276 1982 1358 2045 prue-

258 2057 427 2131 ralentibus,
453 2056 589 2120 llelisario
609 2056 773 2139 Procopium
795 2077 813 2117 a
832 2057 954 2119 consiliis
977 2060 1063 2124 dedit.
1105 2062 1267 2129 iustinianus
1289 2052 1360 2125 uero

258 2158 286 2224 in
299 2159 433 2223 Airicaua
455 2170 483 2223 ct
503 2158 597 2226 italica
619 2155 800 2241 expeditione
820 2178 988 2242 neuquama
1008 2158 1135 2223 belisarii
1157 2161 1246 2225 latere
1264 2159 1360 2224 diuelli

258 2260 422 2346 Procopium
442 2280 540 2346 passus
555 2270 613 2331 est;
637 2257 713 2322 cuius
735 2256 793 2320 lide
808 2270 890 2343 atque
912 2258 1028 2323 consilio
1044 2262 1199 2327 nonninus
1220 2287 1301 2349 quam
1315 2285 1358 2325 ar·

257 2362 311 2426 mis
324 2385 359 2425 ae
373 2362 472 2425 virtute
497 2356 626 2425 llelisarii
645 2359 785 2424 Romanos
811 2360 881 2424 linos
901 2360 1032 2447 prolatari
1057 2375 1139 2449 atquo
1159 2364 1274 2430 stabiliri
1298 2385 1360 2433 seu·

258 2463 360 2529 tiebat:
383 2464 501 2547 dureque
525 2458 678 2541 belisarius
699 2480 736 2523 ex
757 2459 855 2524 Africa
877 2485 977 2529 recens
995 2462 1141 2552 subiugata
1169 2469 1197 2531 in
1217 2467 1362 2530 (trientem

260 2578 407 2640 crocatur,
435 2560 586 2645 Procopius
601 2559 772 2645 Cartbagine
794 2563 866 2647 apud
883 2565 1061 2631 Solomoucm
1076 2568 1248 2651 designatum
1264 2569 1361 2631 ducem

262 2664 400 2728 exercitus
421 2662 570 2727 subsistere
591 2662 677 2727 iussus
697 2676 756 2738 cn,
782 2665 818 2726 ad
833 2662 1004 2729 formandum
1025 2668 1052 2731 iu
1067 2689 1103 2731 ea
1115 2668 1260 2732 Provincia
1283 2681 1361 2729 tone·

263 2789 322 2829 rum
342 2765 433 2829 adluue
454 2756 609 2851 imperium,
637 2777 666 2827 et
686 2762 885 2829 rebellionibus
906 2782 1094 2854 opportunum.
1136 2771 1168 2833 ln
1183 2768 1312 2841 Perside,
1335 2766 1364 2829 iu

260 2868 357 2943 ltalia,
390 2867 512 2942 Romae,
553 2864 690 2952 Neapoli,
714 2866 860 2951 Spracusis
884 2890 956 2954 quae
987 2871 1125 2960 gesserit,
1161 2870 1223 2955 ipse
1253 2868 1365 2951 quidem

262 2968 440 3043 memorauit:
464 2982 492 3035 at
515 2988 550 3031 ca
564 2985 616 3052 per
638 2964 832 3041 occasionem,
864 2980 1071 3055 temperateque
1093 2971 1175 3034 dicta·
1191 2970 1256 3033 licet
1277 2969 1364 3032 minus

262 3071 384 3159 insignia
412 3083 440 3133 et
462 3092 551 3155 parca
579 3068 739 3159 rideantur,
766 3079 846 3151 parta
872 3080 964 3131 tamen
992 3063 1132 3156 gloriatin
1159 3071 1364 3155 llempublicam

263 3171 394 3256 Procopii
416 3171 514 3234 merita
534 3170 672 3243 declarat;
698 3190 761 3230 unm
776 3167 923 3240 illustrium
948 3170 1111 3257 dignitatem
1133 3174 1262 3259 adeptus,
1287 3187 1315 3237 et
1336 3175 1365 3237 iu

266 3270 399 3335 Senatum
413 3283 555 3355 cooptatus
576 3283 627 3336 est.
669 3270 735 3334 Post
758 3270 860 3333 editam
881 3294 950 3335 uero
965 3272 1101 3357 integrum
1124 3275 1364 3358 dicturientem,
1399 3331 1401 3336 .

266 3392 339 3457 quae
353 3382 392 3435 tot
406 3370 543 3435 iustiniani
567 3371 680 3436 crimina
696 3371 833 3452 continet)
850 3372 886 3435 ad
904 3396 1034 3438 summum
1054 3377 1169 3441 llomuni
1184 3379 1303 3443 Senatus
1323 3379 1364 3441 lo·

266 3495 342 3562 cum,
369 3472 397 3535 id
419 3484 476 3546 est,
500 3472 637 3537 Urbanam
655 3472 875 3548 Praefecturnun,
902 3498 974 3539 anno
993 3476 1130 3542 iustiniani
1156 3481 1249 3567 quinto
1270 3491 1297 3540 ct
1319 3478 1364 3541 tri·

268 3574 379 3661 gesimo
393 3572 531 3658 peruenit:
556 3597 611 3660 quo
627 3574 714 3639 ierme
728 3575 811 3639 etiam
825 3589 949 3663 tempore
964 3578 1081 3643 absoluit
1098 3603 1168 3667 opus
1180 3577 1366 3648 Ἆνέιδοιον.

353 3694 435 3777 Ergo
449 3690 476 3754 in
491 3691 602 3757 homine
616 3695 745 3772 cordato,
768 3697 848 3761 tantis
868 3696 1019 3761 bonoribus
1042 3712 1070 3761 et
1084 3698 1263 3782 dignitatibus
1277 3711 1365 3772 aucto,

268 3795 329 3881 quis
343 3794 428 3859 facile
448 3795 583 3879 repererit
596 3797 727 3862 adversus
748 3798 889 3884 Principes
910 3800 1176 3862 beneficentissimus
1197 3800 1323 3863 lurstinnm
1339 3812 1367 3865 et

269 3898 442 3963 iustinianum
455 3895 697 3963 natcuotuuniuut
727 3900 793 3987 Ego
810 3914 885 3963 corto
901 3901 953 3963 nisi
971 3899 1097 3974 dicendi,
1128 3900 1320 3987 scribendique
1335 3901 1366 3964 li·

163 4016 184 4070 Ρ
202 4011 255 4067 xit
272 4000 390 4063 cuntium
404 4020 459 4064 nou
471 3997 570 4075 uideo,
586 4022 640 4085 qua
655 4014 681 4065 ut
694 4000 796 4087 insigni
810 4000 961 4088 Procopius
975 4001 1037 4076 luit,
1052 4001 1090 4063 ita
1103 4024 1157 4065 non
1171 4004 1207 4067 ab
1221 4004 1367 4067 lustiniuno

272 4099 376 4175 solum,
403 4099 555 4165 sedetiam
583 4100 620 4165 ab
634 4099 744 4176 amicis,
767 4123 880 4186 quorum
909 4104 937 4167 iu
965 4103 1080 4167 historia
1102 4104 1204 4168 mentio
1219 4104 1365 4180 incidissct,

272 4222 336 4263 eum
364 4200 446 4286 plene
474 4200 527 4266 sibi
554 4202 614 4267 dari
638 4216 720 4289 atque
750 4206 864 4269 concedi
893 4206 982 4269 statim
1011 4204 1039 4269 iu
1069 4207 1185 4270 exordio
1213 4205 1366 4293 postulavit.

279 4302 407 4385 ilplnaw
419 4304 518 4390 ἡγεῖτο
536 4308 682 4395 ῥητορικῇ
696 4306 751 4390 pto
766 4302 940 4389 δεινότητα,
961 4312 1107 4396 ποιητικῇ
1124 4306 1157 4372 dl
1170 4302 1367 4392 puboeouinu,

272 4410 435 4493 συγγραφῇ
448 4398 605 4491 diribitae.
627 4405 722 4477 reduci
737 4434 784 4475 τοι
804 4406 877 4477 odit
899 4417 959 4476 suiv
987 4413 1020 4477 oi
1038 4410 1069 4488 ἐς
1091 4407 1169 4496 dyue
1190 4414 1369 4494 ἐπιτηδείων
