3125 4959
295 432 372 507 442
642 439 689 508 tn
713 439 825 510 lusu
847 442 1051 512 suumin
1097 450 1103 460 '

292 605 485 688 λονεὶκησαν.
525 603 724 684 Aurigatum
743 609 904 668 curriculo
932 608 1090 688 absoluto,
1109 609 1247 690 factiosi
1275 614 1353 674 iuter
1372 636 1401 674 se

293 693 587 764 tumultuabuntur,
617 711 713 771 quare
734 692 877 753 Iustinus
896 697 1021 774 utrique
1030 697 1174 774 factioni
1188 720 1247 778 per
1265 697 1402 758 Mundit-

292 790 387 837 torem
408 783 455 838 sic
475 777 692 836 interminatae
712 788 766 840 eet.
814 778 911 840 Vobis
931 777 1113 861 defunctum
1134 784 1204 841 ium·
1219 805 1283 849 eree
1304 784 1403 845 Iusti·

290 867 422 923 mianum
443 866 550 921 scitote
574 861 681 922 Vemu
691 882 704 922 .·
725 876 881 944 eupetee'ee
900 868 1067 925 etiamnum
1085 866 1173 928 vobit
1192 870 1324 927 Praeim‘
1348 869 1403 930 Iu·

290 953 462 1008 etinianum
482 945 604 1007 credite
648 948 720 1026 Quo
740 949 792 1008 illi
811 948 921 1009 audito
941 954 1129 1031 quieveruut,
1150 975 1247 1033 neque
1266 956 1402 1034 ampliter

289 1036 434 1094 altercati
453 1043 536 1096 sunt.
578 1029 656 1093 Vide
677 1033 863 1095 Mandatoris
887 1036 1021 1094 officium
1043 1055 1078 1094 ac
1099 1057 1229 1114 munus,
1246 1042 1306 1120 qui
1318 1043 1402 1100 ,cae-

288 1115 363 1180 seris
385 1121 509 1178 nomine
531 1119 680 1180 tumultus
702 1117 822 1179 sedaret
846 1124 880 1179 in
901 1121 995 1196 circo,
1029 1120 1105 1202 quid
1125 1122 1205 1180 iacto
1226 1143 1303 1205 opus
1325 1137 1402 1184 esset

286 1207 521 1286 praescriberet,
545 1204 735 1282 imperatoris
755 1207 852 1271 veluti
872 1225 936 1264 vox
956 1209 997 1268 iu
1009 1204 1127 1266 theatro
1148 1218 1228 1283 erat,
1253 1210 1402 1290 quemad-

285 1289 415 1350 modum
438 1299 579 1370 quaestor
604 1290 638 1346 in
660 1301 778 1350 senatu.
822 1289 951 1367 Suidas3
971 1285 1150 1373 Μανδᾶῐωρ
1172 1287 1252 1366 εἶδος
1273 1288 1404 1374 ἀξιόμα-

285 1399 347 1449 sog.
390 1373 561 1435 Mandutor
581 1385 627 1432 eet
645 1394 744 1454 gen-ue
766 1373 944 1456 dignitatis.
971 1380 1072 1456 'Lege
1093 1376 1307 1443 Cassiodorum
1327 1380 1349 1439 l.
1371 1385 1401 1455 7,

287 1463 357 1522 Var.
372 1463 461 1541 epist.
479 1461 521 1524 10
541 1458 579 1518 de
593 1457 715 1521 tribuno
735 1463 938 1543 voluptatum.
980 1465 1020 1524 Et
1032 1460 1232 1544 Theophanis
1246 1466 1404 1546 fragmen·

285 1555 355 1606 tum
375 1566 466 1627 supra
488 1544 579 1626 adp.
599 1545 653 1611 56.
732 1585 733 1588 η

370 1666 408 1723 P.
431 1666 510 1737 111,
532 1668 564 1728 7·
607 1659 665 1723 Ad
684 1661 790 1722 urbem
810 1660 962 1725 Edessam
983 1668 1112 1746 Styrtue
1138 1656 1328 1747 exundavit]
1355 1669 1400 1726 De

286 1743 355 1821 hec,
379 1759 470 1830 atque
491 1749 558 1809 aliis
578 1748 739 1807 fluminum
758 1749 957 1826 eluvionibus,
979 1753 1102 1812 urbium
1118 1756 1223 1828 minis,
1243 1764 1400 1834 terraeque

273 1834 437 1910 motibus,
467 1834 538 1892 vide
559 1836 582 1893 1.
605 1838 626 1898 3
648 1834 721 1893 bell.
744 1833 867 1912 Gouh„
887 1839 998 1916 Eragr.
1021 1839 1043 1898 l.
1065 1839 1103 1914 4,
1127 1836 1270 1918 Theoph.
1291 1841 1400 1897 Zonar.

286 1917 375 1977 Cedr.
400 1931 430 1979 et
452 1920 539 1978 ulios.
582 1923 649 1978 Non
664 1921 801 1999 Seyrtue,
822 1932 856 1979 ut
877 1919 969 1981 habet
991 1921 1090 1982 codex
1110 1927 1180 1984 Vat.
1201 1922 1256 1983 sed
1271 1926 1400 2002 Scirtue,

1539 316 1540 385 i

1539 388 1540 423 t

1539 432 1540 503 i

1539 506 1540 551 i

285 2007 372 2083 quasi
396 2025 414 2063 a
436 2008 564 2086 σκιρτοῖ,
594 2003 676 2084 quod
698 2016 744 2065 est
765 2006 864 2083 sulio,
886 2005 946 2066 huc
967 2011 1050 2067 enim
1071 2009 1259 2090 sibyllinum
1281 2028 1399 2068 carmen

284 2089 412 2164 alludit,
443 2088 526 2170 quod
552 2089 727 2150 subsidente
756 2093 867 2170 fluvio,
893 2091 990 2175 lapidi
1010 2097 1143 2155 incisum
1168 2097 1248 2155 cives
1274 2097 1399 2155 invene·

285 2187 372 2252 runt,
395 2185 429 2236 ut
451 2178 492 2234 ait
513 2173 730 2256 Theophanes,

434 2258 560 2340 Σκιρτός
581 2256 734 2343 σκιρτήσει
754 2283 787 2322 τε
805 2257 900 2327 κακὸν
920 2263 1069 2346 σκίρτημα
1088 2261 1235 2336 πολίταις.

436 2345 575 2404 Saltcbtt
598 2349 659 2404 ciui
680 2347 800 2405 saltum
823 2350 957 2406 saltator
977 2347 1129 2409 acerbum.

284 2429 331 2487 De
352 2427 411 2488 hnc
433 2429 630 2492 inundatione
652 2433 720 2490 inse
740 2432 763 2488 l.
785 2433 809 2516 2
829 2431 921 2490 aedis.
944 2441 974 2489 et
995 2430 1069 2490 ibid.
1091 2432 1114 2489 l.
1137 2430 1157 2496 5
1180 2428 1218 2517 de
1239 2427 1362 2521 Cydno..

366 2551 402 2606 P.
426 2554 496 2623 112,
517 2555 548 2614 9.
592 2550 810 2610 lastinianum
829 2552 864 2609 iu
885 2547 984 2608 medio
1006 2560 1157 2609 extantem
1165 2548 1264 2628 freto,
1287 2559 1396 2608 totam-

284 2653 342 2711 que
370 2636 614 2713 ingurgitantem
642 2637 741 2692 morie
766 2637 850 2715 vim]
878 2639 1004 2703 Amicus
1031 2637 1084 2694 iile
1105 2638 1245 2714 Procopii
1274 2656 1328 2714 per
1347 2655 1397 2693 so-

195 2737 202 2749 ·
242 2731 244 2735 ·
282 2719 401 2775 sutrium
423 2717 456 2776 id
477 2719 570 2794 sidit3
603 2718 750 2799 Agathino
778 2742 851 2781 vero
874 2721 957 2802 quod
977 2723 1108 2799 vigilans
1131 2721 1322 2794 observarat,
1346 2741 1396 2778 ea-

282 2801 354 2861 dem
380 2805 541 2864 verborum
562 2807 758 2865 translatione
782 2805 945 2865 declaravit
967 2807 990 2864 1.
1013 2807 1033 2870 5
1054 2818 1202 2865 extremo.
1246 2799 1396 2885 Καθάπερ

282 2887 316 2949 ἐν
346 2891 511 2974 παλιρῤυίρ
537 2885 678 2966 aidricus,
707 2885 792 2954 atet·
809 2885 849 2969 du*
876 2886 910 2953 td
938 2889 1047 2972 μέτρον
1074 2896 1129 2971 τῆς
1156 2890 1396 2970 παρασχεθείσης

281 2979 347 3048 τοῖς
374 2971 505 3053 τάγμασι
532 2975 742 3056 δασμοφορίας
772 2968 831 3038 odet
861 2969 924 3039 oid?
946 2971 1052 3040 ὅντινα
1072 2970 1189 3054 τρόπον
1209 2975 1241 3048 ἐς
1261 2971 1396 3054 rudpertu-

278 3061 328 3119 λιν
350 3053 581 3138 μετωχετεῦετο,
611 3058 663 3122 καὶ
685 3053 815 3146 lumper
836 3053 914 3122 ὅθεν
936 3057 977 3138 δή
998 3057 1053 3122 καὶ
1073 3055 1177 3139 ἐρρύη.
1219 3061 1311 3119 Haec
1330 3071 1396 3118 teta

174 3139 264 3195 etto
276 3165 405 3202 summu
427 3145 652 3224 stipendiorum
679 3166 760 3224 quae
780 3144 932 3202 militibus
952 3143 1188 3221 numerabatur,
1217 3145 1305 3225 quod
1323 3146 1397 3205 solet

279 3232 313 3286 in
332 3232 431 3308 fluxu
452 3250 610 3308 aquarum
632 3240 726 3308 atque
747 3230 869 3309 refluxu
890 3231 1080 3308 contingere,
1101 3244 1268 3292 retrorsum
1287 3253 1397 3292 mauu-

279 3314 353 3400 dut,
376 3336 414 3392 uc
436 3312 559 3372 taudem
584 3333 617 3373 eo
640 3311 721 3378 uude
740 3312 912 3395 defluxerat
932 3317 1091 3396 refluebat.

364 3419 400 3474 P.
424 3421 494 3490 113,
517 3420 549 3480 2.
593 3417 730 3476 Marinio
751 3419 878 3475 minume
898 3421 1080 3476 necessariis
1100 3417 1394 3497 substructionibus]

278 3503 348 3561 Alta
370 3505 530 3561 Iustiniani
558 3502 695 3561 aedificia
715 3505 794 3560 mire
820 3503 986 3582 Procopius
1008 3503 1188 3575 celebravit,
1220 3500 1279 3560 hoc
1300 3523 1395 3561 unum

187 3587 263 3642 A9i
282 3591 459 3666 saepissime
481 3591 514 3646 iu
538 3585 595 3646 heo
617 3586 743 3646 historia
763 3591 924 3666 vituperat,
946 3587 1028 3668 quod
1048 3588 1197 3645 infinitam
1217 3591 1280 3646 vim
1301 3609 1395 3668 pecu-

279 3677 402 3730 niarum
421 3676 453 3730 in
475 3671 554 3732 illud
574 3675 757 3732 lastinianus
778 3676 984 3753 insumpserit,
1005 3673 1153 3752 voluptati
1171 3677 1281 3752 potius,
1305 3685 1393 3753 atque

281 3759 417 3832 deliciis,
449 3769 483 3816 ut
512 3779 603 3838 supra
631 3756 766 3818 diximus
795 3757 835 3817 ad
861 3782 893 3840 p.
915 3762 971 3823 70·
985 3777 1078 3838 quam
1101 3759 1241 3837 publicae
1262 3760 1395 3817 utilitati.

279 3848 358 3902 Nam
383 3846 451 3903 aliis
473 3841 572 3903 udhuo
594 3846 720 3924 integris
741 3847 906 3923 portubus,
932 3847 1031 3904 leuius
1056 3845 1184 3924 (quippe
1207 3863 1268 3902 nou
1290 3864 1395 3903 ueces-

278 3929 364 4008 ssrii)
387 3931 431 3987 ad
441 3930 525 3988 Itone
541 3951 640 4011 usque
661 3929 742 3988 diem
755 3930 883 3990 molium
904 3942 933 3988 et
952 3928 1146 3989 brachiorum
1160 3932 1302 4007 uestigia
1324 3931 1395 4009 qui·

279 4012 349 4072 dem
372 4026 495 4090 extant,
517 4037 635 4096 magua
656 4027 759 4074 tamen
779 4029 921 4097 exparte
941 4014 1064 4088 diruta,
1086 4036 1165 4094 quae
1186 4016 1308 4074 nullum
1329 4026 1394 4072 etu-

279 4103 393 4158 tionem
414 4100 548 4159 navibus
571 4099 815 4177 accommodent,
843 4113 876 4162 ut
895 4102 985 4160 refert
1006 4102 1113 4160 Petrus
1135 4101 1246 4158 Giilius
1269 4102 1289 4158 l.
1312 4100 1334 4163 3
1356 4097 1393 4157 de

280 4188 416 4264 Bosporo
436 4185 582 4247 Thracio.
626 4189 788 4247 Caeterum
809 4186 951 4248 huiuset
974 4185 1102 4244 aliorum
1124 4188 1265 4244 omnium
1285 4186 1392 4243 subur-

281 4271 430 4329 banorum
459 4273 586 4349 luxum,
617 4293 696 4354 qrrue
718 4273 776 4332 sibi
798 4285 885 4332 extra
906 4272 1012 4330 urbem
1034 4273 1217 4351 Byzantium
1238 4281 1393 4348 magnates

280 4354 489 4432 aedificabant,
510 4360 602 4417 eliam
624 4360 662 4417 ob
685 4378 809 4419 oausam
825 4362 996 4440 vitsrperare
1013 4358 1180 4436 Procopius
1198 4355 1318 4414 ridetur
1335 4357 1357 4414 1.
1372 4354 1392 4416 4

281 4441 374 4503 aedif.
403 4441 484 4527 quod
514 4446 660 4506 nimirum
684 4465 721 4506 ee
751 4445 861 4507 referta
881 4466 952 4506 cum
973 4451 1077 4504 essent
1102 4441 1261 4502 uniuersis
1282 4440 1391 4500 divitiis
