3125 4959
575 427 719 497 none
743 427 966 496 inuniunt
1246 423 1330 528 411λ

221 594 360 668 divitius,
389 603 423 653 ut
447 592 561 675 possim
589 593 626 652 eb
654 592 883 674 imperatoribus
911 591 1054 654 duremur
1079 591 1217 670 obsides,
1245 606 1277 654 et
1304 613 1324 657 e

221 681 354 742 barbaris
382 681 565 760 perlibenter
593 681 808 760 acciperentur.
855 680 988 740 Basilius
1014 690 1100 760 puter
1126 682 1164 740 sb
1191 682 1325 740 Anasta-

221 767 386 838 sioPersis
408 763 499 826 dutus
516 775 577 839 est,
610 775 642 824 et
672 784 750 824 euno
772 766 837 823 eius
864 766 986 846 imperii
1006 767 1111 847 quinto
1134 764 1252 825 decimo
1274 786 1326 835 re,-

220 849 371 930 demptus.
412 848 629 932 Theophanes.
671 851 800 910 lounues
826 870 905 912 vero
928 851 1009 913 filius
1031 848 1119 931 dutus
1146 849 1258 912 iisdem
1279 861 1326 911 est

221 937 415 996 uBeliserIo.
458 939 622 1016 Procopius
644 935 667 994 l.
688 939 708 998 2
729 936 801 994 bell.
822 938 908 996 Pers.

303 1019 409 1094 Ρ.78,
432 1023 483 1084 11.
525 1023 666 1080 Pretium
688 1017 725 1078 td
742 1022 867 1080 Dorum
887 1019 1073 1102 convectum]
1102 1022 1149 1079 De
1166 1017 1259 1080 huius
1280 1018 1327 1078 ci·

220 1105 320 1164 vitetis
351 1108 473 1164 nomine
503 1109 606 1166 nescio
635 1103 709 1188 quid
736 1107 893 1166 somniarit
914 1107 1072 1166 Aimoiuus
1093 1107 1159 1169 l.2
1189 1104 1228 1164 de
1249 1114 1327 1185 gest·

218 1191 325 1268 Fruuc.
345 1209 417 1249 narn
431 1195 601 1251 Persarum
621 1194 688 1272 regi
708 1203 818 1272 coptos
831 1192 1044 1251 Romanorum
1061 1191 1157 1271 urbes*
1170 1192 1328 1250 restituere
1342 1188 1368 1245 Δ
1384 1191 1422 1246 ot

217 1278 354 1354 neganti,
371 1276 574 1353 lastinianus,
595 1278 703 1359 inquit,
725 1275 891 1358 respondit,
913 1279 1033 1336 Darae.
1074 1275 1140 1337 Pro
1153 1279 1249 1357 ¹cuine
1269 1297 1328 1336 no-

217 1364 313 1422 vitate
334 1364 481 1422 sermonis
500 1365 613 1421 civitae
634 1382 666 1421 eo
693 1362 754 1421 ioci
780 1365 951 1422 constituto
971 1373 1035 1439 eet,
1066 1365 1117 1421 cui
1137 1363 1248 1422 Durae
1268 1383 1328 1422 no·

217 1465 285 1504 men
306 1456 360 1510 eet.
401 1440 602 1524 Ἀναστάσιος
622 1445 642 1511 ό
662 1456 664 1460 ‘
684 1445 804 1523 ασιλεδς
824 1448 946 1528 ίτείχισι
966 1444 1000 1512 τό
1016 1443 1122 1530 Δειράς
1140 1449 1252 1529 χωρίον
1272 1450 1328 1528 τῆς

218 1533 460 1613 Μεσοποταμίας
481 1531 556 1615 μίγα
576 1531 629 1597 ναί
657 1529 765 1616 υχνρδν
786 1532 878 1615 μέσον
899 1536 960 1596 τοῖν
982 1530 1079 1614 δρίαν
1100 1533 1239 1612 κείμενον
1257 1529 1328 1600 Ῥω·

217 1617 318 1696 μαίων
336 1637 369 1680 τι
396 1616 449 1681 sei
469 1621 616 1704 Hepcoir,
641 1617 694 1680 sui
714 1617 857 1699 iocinore
883 1617 1058 1698 ἐκκλησίας,
1086 1615 1139 1679 sui
1161 1610 1328 1720 άαοθήιιας

218 1703 323 1778 σίτου,
352 1700 405 1765 sei
431 1703 587 1787 ιιιστίρνας
613 1697 739 1766 δδάτων
771 1702 825 1767 seui
855 1699 1018 1785 ἐμβόλους,
1048 1696 1201 1784 όνομάσας
1228 1697 1328 1782 coede

214 1778 512 1866 Ἀναστασισάττολιν,
535 1787 588 1852 καί
609 1788 721 1857 ἔδωκεν
743 1783 823 1875 αὐτῇ
843 1789 947 1852 δίναισι
966 1785 1091 1864 πόλεως.
1135 1789 1328 1847 Anoetueine

218 1871 388 1950 imperotor-
406 1875 516 1935 Dorus·
536 1876 776 1956 Mesopotamiae
797 1877 926 1956 ¹Papum
950 1894 1100 1954 magnum
1122 1882 1150 1932 et
1171 1876 1329 1931 munitum

101 2016 105 2026 ,
218 1951 271 2012 cd.
280 1955 359 2033 fines
375 1959 561 2036 Persarum,
589 1961 853 2019 et·Romonorum
872 1963 967 2017 eitum
987 1961 1115 2018 moeniis
1135 1960 1249 2032 missit,
1277 1979 1329 2016 or-

216 2042 365 2120 naritque
384 2043 528 2116 ecclesiie,
544 2043 671 2120 horreis,
693 2045 845 2122 cisternis,
865 2063 905 2102 oc
920 2043 1175 2124 propugnaculis,
1196 2053 1225 2101 et
1235 2042 1330 2119 ,Ano-

216 2126 410 2205 etosiopolim
428 2138 581 2200 rocotum,
602 2125 731 2186 donarit
752 2130 819 2186 iure
840 2122 987 2190 civitatis.
1029 2126 1116 2186 Idem
1135 2125 1230 2186 hebet
1250 2130 1329 2186 Pro-

219 2211 322 2288 copius
343 2210 366 2271 l.
391 2215 406 2274 1
430 2207 505 2272 bert.
525 2215 611 2290 Pers.
634 2223 664 2270 et
685 2214 832 2292 Evagrius
852 2213 876 2271 1.
897 2212 919 2275 3
940 2232 967 2270 c.
990 2215 1035 2277 87,
1053 2209 1196 2292 additque
1226 2213 1330 2272 locum

218 2294 307 2352 ilium
327 2297 438 2355 Darae
465 2297 504 2356 ob
530 2295 564 2355 id
585 2299 790 2377 appellatum,
820 2295 903 2378 quod
923 2298 1033 2354 Durius
1053 2294 1170 2354 ibidem
1193 2296 1230 2353 ub
1251 2297 1329 2357 Ate-

218 2377 337 2451 xondro
358 2398 429 2456 rege
450 2379 651 2439 Macedonum
671 2383 792 2460 penitus
817 2379 952 2439 devictus
973 2381 1074 2439 fuerit.
1118 2379 1230 2440 chron.
1251 2382 1328 2441 Ale-

220 2459 330 2542 xandr.
349 2463 461 2536 Dorus,
489 2465 562 2544 quia
582 2463 705 2548 δόρατι,
731 2463 828 2524 lsoetu
852 2467 962 2524 Durius
982 2465 1021 2524 ub
1043 2459 1220 2544 Alexandro
1252 2485 1328 2528 oon·

218 2545 318 2607 fossus
339 2547 494 2606 interierit.
1247 2605 1249 2607 ,

303 2632 340 2690 Ρ.
359 2635 410 2707 78,
436 2635 484 2697 16.
528 2630 589 2692 Sed
601 2631 698 2712 plone
718 2623 849 2712 difficile
868 2645 1039 2713 memoratu
1060 2645 1113 2711 eet,
1135 2645 1210 2716 quot
1230 2633 1331 2701 Irome'·

218 2735 292 2776 num
312 2736 375 2774 sese
396 2717 552 2776 ultroneae
571 2715 714 2777 haeredes
734 2716 940 2800 instituerint]
970 2722 1072 2778 litium
1092 2721 1240 2798 Evagrius
1262 2721 1286 2779 1.
1308 2717 1330 2784 4

218 2802 345 2880 carptim
367 2801 555 2884 breviterque
582 2812 648 2862 tem
676 2803 801 2862 uberem
821 2802 966 2864 historice
989 2815 1107 2885 purtem
1128 2809 1330 2885 perstringere

216 2888 337 2946 meluit.
390 2885 453 2946 Sed
479 2887 546 2952 l.5
574 2894 640 2954 ο.3
671 2889 765 2948 libere
793 2888 927 2970 prodidit
952 2889 1131 2950 Aetherium
1156 2892 1328 2968 patricium,

218 2974 272 3054 qui
291 2973 457 3036 lustiuieuo
480 2981 525 3032 tot
551 2974 701 3032 scelerum
728 2995 763 3033 uo
789 2976 940 3035 furtorum
960 2979 1098 3034 minister
1120 2974 1190 3032 fuir.
1231 2973 1330 3038 Αἰθί-

217 3080 283 3137 ριος
302 3053 353 3121 διά
374 3053 475 3137 πάσης
494 3052 550 3119 icio
570 3061 778 3135 συκοφαντίας
798 3056 853 3132 τάς
872 3082 904 3122 τε
917 3063 979 3122 τοῖν
1001 3053 1135 3133 ζεόντων,
1155 3057 1209 3120 ταὶ
1228 3065 1329 3122 τελευ-

217 3136 337 3204 τάντων
359 3135 467 3220 οόσίσς
486 3137 660 3222 ληϊζόμενος
680 3137 879 3223 όνόματιτής
899 3147 1057 3224 βασιλικῆς
1078 3143 1192 3220 οἰκίας,
1213 3135 1253 3228 ής
1275 3144 1328 3209 tet

216 3217 431 3291 'ioooeeveuvoei
451 3222 651 3310 προειστήκει.
689 3225 861 3289 'Aetherius
880 3230 1003 3288 nullum
1028 3230 1203 3288 calumnior
1225 3251 1327 3310 genus

214 3312 416 3390 praeteriens,
441 3322 506 3370 tum
526 3316 632 3390 νίνου,
654 3324 722 3372 tum
741 3325 882 3382 mortuos
902 3316 1022 3375 nomine
1045 3314 1140 3373 antae
1160 3318 1327 3394 imperoto-

216 3396 298 3474 rioe,
320 3397 387 3472 cui,
413 3406 559 3473 regnante
578 3400 772 3472 Iustiniano,
788 3401 949 3479 praefuit,
962 3401 1105 3476 fortunis
1124 3400 1281 3478 spoliarit.
1327 3432 1329 3435 ·

302 3482 338 3539 Ρ.
354 3481 415 3554 79,
438 3479 469 3542 1.
510 3479 690 3558 Antequam
710 3481 821 3558 seditio
842 3487 978 3540 exteteret
1006 3484 1259 3564 victoriatorum]
1289 3486 1327 3544 ln

216 3565 334 3630 Graeco,
352 3561 453 3644 ετί,ή
473 3568 529 3627 τοῦ
548 3568 658 3626 NIKA
678 3558 793 3641 στάσις,
814 3563 925 3624 reditio
948 3560 1091 3625 VINCE'.
1133 3568 1245 3648 Erugr.
1267 3569 1289 3626 1.
1305 3565 1352 3634 λ’

217 3669 245 3708 ο.
269 3649 319 3712 13.
340 3640 364 3736 ή
383 3650 590 3734 προσηγορίαν
609 3645 643 3712 ed
663 3643 811 3729 σύνθημα
829 3653 892 3714 τοῖν
912 3645 1018 3731 δήμων
1031 3650 1152 3714 δίδωτι.
1193 3649 1228 3716 ei
1243 3654 1328 3717 Nise

217 3728 275 3817 γάρ
297 3733 453 3813 ἐπίκλησιν
475 3738 601 3800 ποιοῦσι
620 3737 710 3797 τοῦτο
731 3739 793 3797 τῶν
813 3728 922 3818 δήμων
942 3730 1084 3818 άλλήλοις
1104 3737 1341 3817 menotense
1411 3776 1417 3787 ·

219 3815 365 3899 σύνθημα
389 3815 493 3895 δόντες
518 3823 573 3902 τῆς
603 3817 645 3897 ίς.
660 3815 811 3899 ἀλλήλους
837 3821 984 3904 γνιόσευς.
1036 3823 1125 3901 Quae
1154 3844 1262 3883 nomen
1292 3845 1328 3884 es

217 3915 335 3963 tessera.
347 3905 460 3985 populi
479 3907 621 3986 occepit:
637 3906 747 3984 quippe
768 3906 867 3981 Nica,
888 3906 1009 3985 idest,
1033 3908 1146 3983 Vince,
1161 3909 1232 3988 fuit
1247 3929 1329 3990 pro-
1436 3979 1440 3987 ,

214 4001 320 4071 pterea
340 3989 508 4068 appellato,
535 3986 623 4072 quod
635 3989 776 4069 populus
796 3995 877 4052 inter
896 4015 928 4052 se
949 4013 1142 4072 congretate,
1161 3993 1245 4052 ίιαιιο
1266 4005 1329 4061 tee-

217 4095 318 4133 eeram
340 4075 424 4135 Mea
443 4074 504 4133 sibi
521 4076 742 4157 praescripsit,
770 4098 830 4156 quo
859 4079 938 4139 alter
959 4077 1121 4137 adultero
1145 4078 1328 4139 intemoece·

218 4170 313 4222 retur.
353 4161 767 4240 Procop.t1bell.1²en.
1152 4196 1154 4199 ·
1248 4224 1250 4227 ,

176 4287 178 4294 .
301 4243 422 4321 nto,
446 4246 476 4308 1.
529 4244 645 4305 Seditio
672 4245 928 4328 Victoriotorum]
952 4241 1051 4320 Quem
1071 4247 1236 4329 Procopius
1257 4249 1327 4308 fine

219 4329 410 4408 prosequitur
430 4330 485 4394 l.1
509 4331 582 4391 bell.
598 4335 684 4392 Pers.
706 4331 896 4414 affirmatque
916 4334 949 4391 in
971 4352 1007 4391 eu
1023 4352 1109 4392 cuesa
1129 4335 1223 4394 fuisse
1245 4335 1327 4392 Gon-

219 4414 414 4496 eteutiuopoli
435 4417 559 4497 triginta
581 4415 739 4479 hominum
761 4419 870 4480 millio.
911 4421 1010 4495 Quem
1029 4437 1122 4502 peres
1142 4439 1215 4481 vero
1235 4418 1326 4498 iurgii
