3125 4959
271 444 297 488 x
577 412 776 491 memsam
800 416 1057 489 lttssttttttt'ttt).

271 588 484 656 constitutiones
507 603 597 657 autom
609 602 647 655 nt
660 576 702 663 ,co
722 591 925 677 sapientissimo
945 588 1089 666 conditam
1114 590 1159 656 ccl
1176 603 1299 657 ramum
1312 592 1364 655 lm·

270 705 427 777 pecatorum
453 694 533 779 leges
562 717 616 758 uno
641 694 669 758 in
693 693 800 757 Codice
821 694 920 759 ordino
935 694 1110 769 distributae:
1129 696 1176 759 vel
1197 696 1365 781 antiquorum

272 793 432 879 Sapientem
446 817 578 880 responsa
594 817 632 859 ex
646 795 778 858 immensa
791 794 932 882 congerie,
941 819 1045 860 summa
1064 798 1213 863 dudiorum
1234 797 1365 861 lacilitato

271 916 307 957 ac
330 894 465 960 brevitate
486 897 610 980 digostm
635 897 680 961 vcl
701 896 784 965 hacc
803 897 903 960 eadem
922 897 958 959 ad
977 898 1153 963 institutionis
1172 900 1281 963 modum
1301 920 1365 962 cuu-

271 996 375 1072 cleam,
402 1017 464 1058 cana
488 998 635 1062 lastiniano
649 998 769 1085 gloriam
784 1013 968 1083 pepererunt,
996 1011 1024 1063 nt
1043 1000 1168 1063 undecim
1192 1000 1247 1063 iam
1268 1011 1297 1064 et
1310 1021 1366 1062 ant·

269 1096 341 1182 plius
355 1096 492 1161 hominnm
506 1113 611 1161 aetates
625 1101 741 1163 candem
757 1100 834 1185 quasi
848 1122 901 1185 per
919 1123 1014 1164 manos
1040 1101 1211 1187 acceperint,
1237 1100 1365 1176 luserint,

270 1210 299 1259 ct
314 1198 406 1282 magis
421 1222 455 1261 ac
472 1200 563 1285 magis
577 1200 812 1285 amplificaverint.
847 1202 911 1265 Nec
924 1223 991 1266 sanc
1011 1201 1118 1267 Pacilius
1131 1205 1277 1269 lustiniano
1290 1203 1365 1291 quic·

269 1323 350 1385 quam
369 1300 431 1375 luit,
454 1324 533 1387 qnam
550 1302 596 1365 vel
620 1302 691 1391 hauc
712 1302 800 1367 solum
821 1300 858 1365 ob
880 1324 939 1366 rom
961 1303 1071 1389 gloriae
1090 1327 1125 1367 ac
1145 1306 1260 1371 nominis
1284 1306 1367 1369 laudo

223 1393 225 1397 ¹
270 1402 392 1487 reliquos
415 1424 525 1467 omnes·
539 1404 677 1468 Romanos
697 1404 841 1489 Principes
863 1404 933 1468 iulra
954 1392 991 1467 se
1012 1427 1130 1491 ponere:
1160 1430 1222 1471 com
1247 1406 1287 1469 illi
1313 1401 1365 1489 pro
1473 1436 1475 1440 ·

270 1526 379 1567 surorum
393 1506 506 1591 quisque
521 1506 669 1570 l'aeinorum
682 1507 864 1592 praestantia,
889 1507 916 1570 iu
932 1508 1053 1573 Romana
1072 1509 1232 1595 llopuhlica,
1250 1508 1324 1571 velut.
1339 1506 1367 1569 iu

271 1606 397 1681 theatro,
423 1606 492 1671 alius
507 1608 562 1672 alio
573 1608 618 1671 vel
633 1608 793 1684 humiliore,
817 1609 861 1672 vol
877 1610 994 1673 editiore
1009 1612 1072 1675 loeo
1083 1612 1190 1687 titides,
1213 1628 1367 1692 nomenque

271 1707 326 1770 sibi
341 1708 464 1773 statuisse
481 1710 636 1784 videantur;
657 1713 717 1796 ipso
738 1731 808 1775 voro
832 1709 879 1796 qui
905 1712 1036 1785 Romanis
1053 1712 1165 1799 legibus
1186 1734 1263 1776 suam
1285 1730 1367 1797 prae·

273 1808 349 1886 lixit,
377 1811 616 1877 eminentissimum
636 1813 740 1886 locum,
766 1803 848 1898 atque
863 1825 1003 1877 aeteruum
1018 1812 1161 1881 invenerit.

296 1992 299 2003 .
358 1944 546 2025 Quamobrem
558 1948 585 2011 in
607 1961 682 2012 tanto
697 1947 798 2035 publici
817 1946 920 2012 l'aroris
934 1950 1081 2035 applausu,
1108 1949 1208 2014 sinistri
1222 1948 1259 2013 de
1273 1968 1310 2011 eo
1323 1970 1367 2010 m·

274 2069 367 2140 moros
381 2068 453 2133 pcnc
467 2047 614 2123 siluerunt,
637 2072 671 2111 ac
685 2062 759 2113 tanta
774 2050 884 2135 gloriae
900 2074 933 2114 ac
953 2054 1084 2137 temporis
1097 2049 1268 2115 diuturnitate
1280 2046 1369 2109 omnis

275 2150 311 2211 do
328 2149 375 2212 illo
392 2150 502 2235 ingrata
516 2151 649 2213 memoria
672 2152 803 2217 cxolcrit.
847 2154 977 2217 Exolerit
1002 2166 1092 2217 autem
1116 2164 1172 2215 tum
1196 2150 1269 2237 apud
1290 2148 1369 2225 alios,

273 2264 329 2315 tum
344 2251 417 2335 apud
432 2272 481 2315 eos
496 2254 672 2337 praesertim,
698 2253 743 2340 qui
763 2278 823 2317 cum
843 2254 904 2316 dics
923 2251 1071 2339 noctesque
1091 2254 1192 2317 assidui
1214 2276 1273 2315 cnm
1293 2250 1370 2334 lasti·

273 2354 356 2416 niano
378 2354 447 2431 sint,
479 2376 541 2418 cam
556 2356 591 2418 dc
614 2356 686 2417 illius
709 2354 824 2428 iustitia,
852 2349 1041 2441 tcniporantia,
1066 2356 1186 2441 pietate,
1215 2352 1371 2417 innocentia

272 2470 457 2541 conceperunt
471 2456 561 2518 animo
578 2456 752 2539 opinionem,
779 2478 851 2541 quac
866 2452 1018 2520 nearchus
1034 2457 1071 2520 ab
1086 2480 1122 2521 eo
1137 2456 1238 2543 gestis,
1253 2457 1288 2519 ad
1304 2478 1371 2541 quas

271 2580 369 2643 parum
385 2555 507 2619 fortassis
522 2559 659 2620 attendunt
682 2556 817 2631 animum,
846 2559 1028 2641 respondeat:
1050 2560 1101 2622 scd
1116 2581 1187 2644 quae
1202 2546 1265 2621 latis'
1282 2559 1317 2620 ab
1334 2580 1371 2621 eo

271 2659 382 2745 legibus
396 2657 554 2730 conveniat;
579 2658 720 2743 inquibus
741 2658 809 2721 nihil
832 2658 894 2723 iere
919 2671 977 2734 est,
1000 2662 1073 2743 quod
1088 2684 1143 2723 non
1166 2661 1201 2723 ad
1218 2659 1371 2723 absolutam

270 2760 376 2825 uirtutis
399 2783 521 2823 normam
535 2758 663 2843 scriptum
678 2760 832 2835 inveniant,
864 2772 893 2825 ct
913 2761 990 2844 qnasi
1007 2762 1035 2823 in
1055 2761 1177 2845 imagine
1197 2760 1252 2823 suis
1270 2762 1369 2824 colori·

270 2862 322 2929 bus
337 2884 498 2949 expressum
521 2850 744 2944 contemplentur.
789 2862 889 2947 Neque
911 2860 978 2946 ipsis
1001 2859 1111 2943 quidem
1135 2861 1216 2924 aliter
1238 2863 1274 2925 de
1294 2861 1370 2927 lusti·

270 2966 355 3031 niano
370 2966 472 3029 sentire
489 2973 626 3049 praestat,
654 2961 728 3025 cuius
751 2962 1017 3027 commendationem
1034 2984 1088 3024 nou
1103 2962 1241 3025 minimum
1264 2987 1373 3030 snorum

274 3088 339 3130 esse
360 3066 505 3129 studiorum
526 3076 713 3127 oruamentum
735 3077 837 3149 putant.
881 3065 996 3128 Scilicet
1017 3063 1224 3128 iurisconsultos
1244 3065 1374 3154 Procopii

274 3166 348 3232 haec
373 3167 496 3230 ollendct
515 3165 645 3238 historia;
672 3186 724 3228 nec
744 3172 836 3229 tamen
857 3188 954 3229 omncs
974 3164 1092 3251 passim,
1118 3176 1146 3227 ut
1168 3166 1299 3243 arbitror,
1321 3170 1373 3233 sed

277 3293 328 3336 eos
343 3270 486 3344 duntaxat,
512 3268 558 3353 qui
578 3266 664 3329 minus
686 3268 796 3353 antiqua
819 3268 969 3331 litterarum
982 3278 1156 3330 monumenta
1172 3271 1371 3352 pertractarint.

277 3373 350 3437 Nam
367 3373 417 3435 etsi
433 3370 515 3434 modo
530 3369 557 3431 iu
571 3369 798 3463 magna'priscac
812 3367 945 3432 historiae
959 3367 1091 3454 penuria,
1119 3366 1294 3454 tenebrisque
1311 3392 1374 3435 ser·

276 3496 383 3549 semum,
412 3472 541 3557 multique
560 3493 650 3534 rerum
664 3491 681 3532 a
699 3469 844 3537 lustiuiano
858 3479 999 3558 gestarum
1013 3469 1162 3553 scriptores
1175 3470 1374 3548 desiderentur,

276 3596 378 3659 norupe
399 3574 439 3636 illi
453 3574 581 3659 Procopii
597 3571 742 3659 aequales,
772 3574 927 3660 Hesychius
952 3570 1094 3647 blilesios,
1120 3571 1237 3635 loannes
1263 3574 1374 3661 Lpdius,
1420 3632 1423 3635 A

275 3674 466 3761 Theophanes
486 3678 645 3764 llpnantius,
667 3678 823 3762 Menander
841 3673 999 3749 Protector,
1026 3673 1126 3737 Paulus
1146 3673 1263 3751 Florus,
1277 3749 1280 3752 ,
1296 3675 1375 3740 loan-

277 3798 328 3841 nes
348 3776 552 3854 Antiocbcnus,
575 3780 735 3844 Plutarchus
750 3778 930 3842 lustinianoa
952 3776 1083 3852 secretis,
1107 3790 1135 3840 et
1160 3776 1208 3839 alii
1233 3776 1375 3862 plerique;

182 3890 204 3941 Ρ
219 3872 262 3941 ΙΙΙ
277 3893 421 3964 supersunt
434 3892 524 3943 tamen
543 3882 663 3957 Graeci,
687 3881 830 3967 Latinique
854 3879 978 3944 ciusdem
994 3877 1093 3942 aetatis
1117 3899 1221 3964 graves
1235 3878 1375 3956 Historiei,

277 3982 323 4067 qui
337 3981 473 4069 Procopio
491 3985 556 4047 daut
569 3984 817 4069 praeclarissimum
832 3982 860 4046 in
882 3982 929 4059 iis,
955 3999 1026 4067 quac
1042 3993 1154 4056 narrat,
1176 3981 1376 4056 testimonium

277 4096 439 4170 quamquam
461 4085 614 4171 Principum
634 4084 879 4151 obtrectationibus
899 4083 940 4148 sui
960 4084 1073 4171 quisquc
1092 4082 1208 4170 periculi
1231 4083 1377 4148 formidine

278 4186 418 4251 abstinero
436 4189 534 4252 soleat.
577 4188 715 4274 Euagrius
728 4185 900 4273 Epiphanius
922 4186 1112 4250 Scholasticos
1132 4185 1284 4249 detestatur
1296 4184 1376 4249 lusti·

278 4288 353 4353 niani
373 4288 536 4374 profundam
563 4291 723 4367 avaritiam,
747 4312 838 4354 rerum
866 4288 1018 4355 alienarum
1044 4288 1173 4374 rapinas,
1194 4286 1378 4350 subiectorum

281 4388 398 4457 cuiusvis
412 4392 515 4459 ordinis
530 4394 707 4471 vexationem
731 4416 800 4479 quas
821 4404 850 4459 ot
865 4392 954 4480 longe
980 4392 1097 4458 diversis
1118 4389 1221 4457 autho
1237 4388 1286 4457 ille
1303 4411 1377 4455 com·
