3125 4959
244 437 317 516 412
591 445 637 514 IN
661 443 772 515 HIST.
796 443 991 512 auctum

242 609 371 673 scintilla
399 621 517 672 tantum
543 601 717 669 incendium
738 609 890 685 excitarit,
912 605 1117 692 Theophanes
1139 609 1339 672 minutissime

241 711 342 757 rrnrrat
370 718 409 756 ex
437 699 578 777 antiquis.
601 707 630 753 et
650 696 778 775 publicis
802 695 1251 777 urbisConstantinopolitanae
1271 717 1340 755 ιιιο-

135 781 226 838 Ρ135
243 785 412 842 numentis:
438 785 470 840 iu
496 783 605 862 quibus
627 801 696 840 cum
720 780 814 839 veluti
835 783 868 837 in
888 782 990 840 tabula
1011 781 1113 839 ridere
1133 785 1174 840 sit
1194 785 1259 840 eius
1279 785 1341 839 im-

240 871 317 948 perii
338 876 467 941 statum,
489 869 648 926 Iustiniani
668 885 784 939 mores,
807 867 892 940 circi,
914 877 945 924 et
964 865 1072 925 theatri
1090 868 1260 941 licentiam,
1282 869 1341 924 aiia

241 953 382 1026 demum,
412 971 488 1039 quae
510 950 548 1009 ad
569 949 646 1009 hono
670 949 882 1009 illustrandam
902 950 1062 1011 historiam
1080 948 1275 1010 vehementer
1293 953 1341 1008 fa-

242 1041 333 1108 ciunt,
358 1057 453 1116 eaque
473 1035 587 1094 inedita
609 1040 678 1110 sint,
700 1034 749 1093 hic
767 1056 808 1093 ex
823 1039 1035 1117 manuscriptis
1050 1039 1117 1098 Vat.
1131 1035 1220 1096 codd.
1242 1034 1341 1094 danda

240 1126 410 1180 curavimus
432 1142 502 1180 curn
522 1132 623 1181 nostra
645 1124 899 1200 interpretatione.
1202 1146 1205 1153 ¹

328 1221 499 1304 Fs‘yovsv‘
476 1247 496 1301 η
521 1217 667 1303 οἲνιαρσίο
688 1227 745 1285 τοῦ
768 1223 849 1284 Νίκα
864 1216 972 1330 ιρόιιρι
992 1245 1129 1308 τοιονιςο.
1170 1196 1342 1284 οἲνειθόντο

146 1312 221 1368 Α63
240 1303 277 1369 roi
306 1308 381 1407 μέρη
411 1307 445 1369 ἐν
472 1311 514 1410 τῷ
544 1308 659 1389 ἱππικῷ
687 1307 875 1411 ἔκραξαν
842 1331 872 1371 οι
901 1311 963 1369 τοῖν
983 1286 1216 1409 Πρασίνων,”
1195 1332 1270 1369 asro
1291 1302 1342 1368 aaa

241 1387 488 1454 Κολοκόᾶιον
456 1416 508 1454 τον
528 1387 806 1498 Κουβικονλοὶριον,
828 1392 880 1455 καὶ
901 1387 1096 1497 Σκοθοὶριον
1141 1395 1265 1492 ΠΡΑΣ.
1292 1390 1342 1472 ἔτη

239 1473 335 1582 πρλλο
351 1471 539 1539 Ἰονστινιονὲ
555 1475 722 1581 Ανμουσιε,
742 1481 794 1537 Το
811 1480 907 1538 vivas
947 1472 1124 1582 oriturarum,
1143 1473 1219 1582 μόνε
1233 1470 1341 1579 οἷγαθὲ,

242 1586 279 1624 ου
273 1556 416 1662 ’βασιοζ
414 1585 447 1622 ιο
491 1557 612 1625 οἶδεν
596 1586 612 1624 ο
634 1558 719 1636 θεός.
761 1556 955 1644 φοβοῦμοι’
941 1564 1099 1640 ονομοὶσοι,
1119 1558 1162 1642 μή
1182 1561 1274 1624 πλέον
1295 1554 1343 1624 ια’·

240 1642 373 1733 τιμήσῃ,
396 1646 446 1708 καὶ
468 1646 564 1726 μέλλοι
586 1641 786 1724 κινδυνεύειν,
830 1652 987 1711 MANAA
993 1650 1081 1708 ΤΩΡ.
1103 1650 1148 1720 τίς
1169 1646 1264 1722 iuria,
1286 1639 1344 1708 oris

239 1727 320 1794 ciria.
364 1729 536 1792 ΠΡΑΣ
517 1756 533 1794 ο
556 1733 743 1794 πλεονεκτῶν
764 1755 801 1811 με
824 1727 1036 1838 ιρισούγοοσιε
1063 1733 1106 1805 εις
1126 1728 1164 1794 coi
1185 1728 1344 1837 τζομμάριο

240 1810 417 1920 εὑρίσκεται.
461 1821 601 1876 ΜΑΝΔ.
624 1811 765 1890 οὕδοὶς’
740 1823 825 1894 σμοῖς
846 1813 953 1878 α’δικεί
998 1821 1120 1878 ΠΡΑΣ
1152 1811 1194 1889 εἷς
1213 1817 1264 1878 καὶ
1286 1809 1344 1893 μό·

239 1924 294 1973 νος
316 1895 416 1962 α’δικει·
424 1921 484 2003 με,
515 1897 658 1973 θεοιόκε,
687 1925 729 1978 μη
751 1895 988 1999 α’νοκεφοιήσοι
1031 1904 1168 1961 MANA
1196 1902 1243 1973 τίς
1264 1898 1344 1960 ἔστιν

238 1984 372 2061 ἕκεῖνοςς
394 2007 451 2047 ουκ
473 1983 608 2064 οἴδαμεν.
652 1989 774 2047 ΠΡΑΣ.
797 2005 835 2048 σν
857 1982 908 2046 καὶ
930 1978 1022 2061 μόνος
1042 1979 1142 2056 οἶδας,
1162 1979 1344 2088 τρισοῦγοο-

239 2089 305 2144 στε,
337 2071 383 2143 τίς
411 2074 584 2132 πλεονεκτεῖ
604 2091 641 2148 με
662 2065 803 2147 σήμερον
847 2073 987 2130 MANA
1010 2068 1082 2141 εἴτις
1104 2065 1144 2129 ἄν
1165 2069 1260 2143 ἔστιν,
1287 2063 1344 2131 οὔκ

238 2155 375 2256 οἴδαμεν
419 2157 542 2215 ΠΡΑΣ.
565 2148 798 2227 Κολοκόὸιος’
778 2178 796 2217 ο
819 2147 1002 2234 Σιιοθαριος
1023 2146 1125 2216 α’διιιεῑ
1143 2176 1196 2232 με,
1217 2154 1344 2217 δέσποτα

236 2235 372 2301 πάντων.
425 2243 564 2300 MANA
592 2261 650 2301 ουκ
681 2239 738 2318 ἔχει
765 2243 888 2340 πρᾶγμα
916 2232 1119 2311 Κολοκόδιος.
1166 2243 1287 2302 ΠΡΑΣ
1317 2238 1347 2300 εἶ

236 2325 284 2397 τίς
306 2321 378 2386 ποτέ
407 2319 543 2385 ἐστιν
513 2319 684 2404 cornicor
708 2318 833 2402 ποιήσοι
854 2327 911 2386 τοῦ
929 2317 1036 2384 'Ionica
1078 2346 1095 2385 o
1120 2318 1232 2397 θεὸς’
1212 2346 1343 2426 aaronq-

239 2403 335 2470 ὅσι’σοι
363 2400 445 2493 αὐτῷ
474 2402 631 2471 utineam
659 2431 713 2487 με,
750 2406 800 2471 διο
828 2431 947 2488 ταχονς.
999 2411 1136 2469 ΜΑΝΔ.
1170 2401 1259 2486 ιῖμεῖς
1285 2401 1343 2469 ονίι

237 2487 403 2572 οἷνέρχεσθε
422 2471 511 2566 εἰς
483 2518 516 2556 ιο
535 2497 701 2597 θεωρῆσαι,
725 2493 752 2556 εἰ
772 2519 814 2573 μη
834 2494 878 2566 εἰς
899 2516 932 2555 ιο
923 2489 1091 2592 υβρίσαι
1097 2490 1168 2566 toric
1189 2515 1343 2596 αρχονιος

237 2581 360 2638 ΠΡΑΣ.
389 2578 419 2639 ει
437 2603 482 2651 τις
503 2573 617 2654 δήποτε
638 2571 740 2640 clienti
759 2601 805 2658 με,
827 2575 878 2641 τὸν
899 2571 996 2658 μόρον
1016 2573 1142 2655 ποιήσοι
1162 2581 1218 2639 rori
1221 2572 1343 2640 ’Iovio-

236 2667 378 2725 MANA
392 2657 564 2744 ήσοχοσοιε
576 2657 725 2741 Ἰουδαῖοι,
741 2667 920 2743 Μονιχοῑοι,
933 2685 985 2723 κοι
973 2660 1188 2781 Σομαρεῖτοι.
1222 2665 1343 2723 ΠΡΑΣ.

321 2816 468 2889 Rubellio,
491 2835 570 2896 quae
588 2814 667 2875 diota
684 2826 729 2874 est
743 2817 847 2888 Vince,
869 2816 911 2871 ita
927 2816 1062 2893 contigit.
1105 2817 1239 2896 Utraque
1253 2816 1342 2872 factio

237 2901 270 2959 in
291 2901 405 2960 circum
425 2911 620 2960 convenerat:
649 2903 828 2978 magnisque
851 2900 1032 2958 clamoribus
1054 2900 1199 2977 rogabant
1215 2901 1343 2972 Prasini,

238 2987 318 3042 utin
334 2983 534 3062 Calopodium
547 2986 781 3057 cubicularium,
802 2995 831 3042 et
845 2982 1041 3063 Spatharinrn
1057 2996 1194 3060 ageretur
1209 3002 1249 3039 ex
1265 2984 1343 3060 lege.

236 3070 381 3128 Puusrur.
413 3071 525 3128 Multos
556 3089 650 3130 anuos
677 3080 711 3129 tu
740 3072 824 3128 rivas
847 3072 1012 3128 Iustiniana
1040 3070 1187 3143 Anguste.
1231 3071 1343 3125 Iniusta

237 3157 345 3236 patior,
368 3157 481 3233 optime
498 3157 615 3229 Caesar,
636 3175 693 3213 nec
714 3174 783 3212 sum
803 3153 946 3225 ferendo3
969 3153 1053 3209 testis
1075 3149 1153 3209 mihi
1175 3150 1265 3210 deus:
1290 3152 1345 3211 sed

236 3243 393 3298 nominare
415 3259 476 3298 non
500 3238 614 3311 audeo,
642 3259 680 3296 na
708 3248 739 3295 et
766 3237 813 3293 ilii
833 3238 990 3295 meliorem
1012 3236 1180 3312 fortunam,
1211 3248 1241 3295 et
1268 3236 1345 3295 mihi

238 3324 277 3381 ob
306 3321 339 3380 id
362 3323 531 3400 periculum
558 3324 686 3401 pariam.
730 3322 836 3380 Μιιιο.
869 3324 942 3394 Quis
963 3323 1016 3379 iile
1038 3320 1107 3380 esti
1136 3341 1208 3380 uam
1227 3325 1344 3398 ignoro.

237 3408 337 3473 Pais.
360 3408 418 3478 Qui
436 3427 487 3465 me
506 3410 624 3466 iniuriis
647 3406 747 3479 officit,
769 3409 801 3464 in
824 3408 968 3466 Satorum
989 3411 1111 3484 regione
1133 3404 1257 3479 habitat,
1279 3410 1345 3465 Au·

236 3504 324 3572 gusto
346 3493 491 3551 maxime.
535 3495 642 3551 Mino.
672 3495 767 3552 Nemo
788 3513 842 3552 vos
865 3492 957 3549 afficit
979 3494 1099 3549 iniuria.
1141 3492 1239 3550 Puns.
1262 3493 1345 3551 Unus

236 3598 274 3636 ao
299 3578 381 3636 solus
403 3587 465 3652 est,
497 3581 551 3658 qui
572 3598 692 3636 mecum
720 3581 781 3656 agit
808 3579 929 3635 iniuste.
973 3577 1024 3634 Sic
1044 3575 1097 3633 iile
1117 3595 1275 3655 uunquam
1297 3588 1344 3634 at-

236 3662 325 3722 tollat
348 3671 452 3742 caput,
475 3681 493 3717 o
516 3660 647 3741 deipara.
690 3664 797 3719 Μιοο.
820 3664 891 3731 Quis
913 3679 985 3720 vero
1005 3661 1057 3718 ille
1080 3659 1154 3719 esti*
1170 3662 1261 3739 plane
1283 3680 1344 3720 uon

236 3749 387 3806 novimus.
430 3747 528 3804 Pais.
557 3749 622 3804 huo
645 3757 679 3804 tu
700 3746 783 3803 scius
804 3747 884 3804 nosti
905 3747 1041 3824 Auguste
1062 3747 1214 3819 maxime,
1244 3765 1343 3825 aquo

236 3851 293 3910 ego
322 3827 371 3890 his
400 3829 506 3889 diebus
534 3849 655 3910 premor
680 3832 802 3888 iniuste.
842 3832 952 3888 'Minu
983 3834 1055 3904 Quis
1081 3827 1204 3887 taudem
1231 3834 1271 3889 sit
1292 3832 1344 3889 ilie

134 3963 135 3968 1
234 3919 398 3976 nescimus.
444 3917 544 3975 Pais.
566 3913 749 3993 calopodius
765 3913 953 3992 Spatharius,
975 3934 1114 3993 supreme
1137 3913 1270 3988 domine,
1292 3918 1344 3973 ille

235 4004 364 4060 iniurius
387 4005 419 4059 in
441 4021 491 4059 me
514 4011 568 4060 est.
612 4003 717 4058 Μιιιο.
740 4002 835 4079 Atqui
861 3999 956 4060 laedit
977 3999 1161 4080 Calepodius
1178 4003 1343 4058 nemiuem.

235 4089 334 4146 Pais.
357 4089 499 4187 Quisquis
521 4088 574 4145 ilie
591 4096 646 4159 est,
667 4088 710 4144 sic
732 4095 767 4143 ut
784 4085 874 4145 ludas
895 4085 1055 4165 dispereat.
1098 4087 1254 4145 Homini
1246 4106 1278 4143 ιιι
1294 4106 1344 4143 uia

235 4174 382 4258 ἱιιίιιιίοιρ
403 4174 502 4230 ricem
516 4171 593 4236 deus
614 4169 720 4230 reddat
736 4180 932 4274 quantocyus.
974 4171 1081 4229 Μιιιο.
1104 4174 1171 4229 Huc
1191 4191 1254 4230 nou
1275 4192 1345 4250 spe·

238 4261 343 4316 ctaturi
367 4276 434 4314 vos·
441 4256 591 4330 acceditis,
615 4254 669 4315 sed
688 4258 830 4316 conviciis
846 4257 998 4335 principes
1018 4256 1201 4316 insectaturi
1246 4258 1343 4314 Pane.

237 4343 397 4422 Quisquis,
425 4342 568 4421 inquam,
597 4343 706 4400 iniuria
733 4360 784 4399 me
811 4351 921 4414 vexat,
956 4342 1033 4400 sicut
1047 4336 1155 4401 iudas
1183 4338 1343 4421 dispereat.

238 4430 344 4488 Μιιο.
366 4426 515 4500 Quiosoite
536 4425 651 4504 ludaei,
668 4424 847 4502 Manichaei,
867 4384 1044 4486 Scirtaritae.
1086 4429 1186 4486 Pras.
1207 4425 1344 4501 ludaeos,
