3125 4959
573 436 717 507 NOTAE
741 437 963 510 ALEMANNI.
1245 440 1320 516 361

219 608 315 668 suere.
357 603 597 682 Ιαι1ίτιαινετο,
627 603 666 666 ad
688 625 782 688 quem
803 627 838 666 ea
860 603 986 688 epistola
1008 615 1055 667 est
1082 604 1131 689 (ut
1149 605 1228 668 inira
1248 629 1322 690 prc-

220 692 312 769 babo)
335 693 442 772 quibus
463 694 627 750 maioribus
648 704 736 752 natus
757 694 813 769 sit,
834 691 906 752 hinc
927 694 1034 773 liquet.

303 780 339 835 Ρ.
360 775 411 852 13,
433 780 465 841 2.
507 779 709 855 Zimarclrua,
731 779 925 858 Ditybistua,
947 789 974 836 et
995 775 1157 857 Iustinus]
1188 778 1248 838 Ubi
1269 781 1324 837 lu·

219 865 317 922 atinus
338 883 407 921 cum
427 865 555 943 imperio
576 864 653 938 fuit,
684 866 782 923 socios
803 875 834 923 et
855 865 1076 924 commilitones
1097 882 1168 924 suos
1189 862 1326 942 dignita·

221 949 301 1008 tibus
332 958 362 1006 et
388 946 554 1010 honoribus
574 951 671 1008 anxit.
713 952 830 1008 Horum
851 952 927 1008 alter
948 946 1125 1008 zimarchus
1148 947 1248 1008 adhuc
1266 950 1323 1011 suh

221 1032 385 1094 Iustiniana
409 1035 546 1110 vivebat,
567 1055 669 1094 comes
691 1035 831 1110 orientia3
862 1033 900 1092 de
924 1054 984 1115 quo
1005 1031 1082 1093 haec
1105 1032 1323 1115 Theophanes,

221 1117 390 1220 συνέβαλον
413 1143 469 1182 κατ
473 1115 643 1200 ’ditifica
664 1119 697 1182 oi
709 1115 916 1224 α’ρθόδοξοι,
918 1117 1026 1182 καλ
994 1142 1024 1182 οι
1046 1119 1248 1225 Σενηριανοί,
1270 1119 1324 1182 καλ

219 1201 326 1265 πολλολ
347 1197 440 1282 φόνοι
459 1205 606 1311 χεχὸνασι,
627 1204 680 1267 καί
698 1196 916 1281 ἇποστείλας
897 1229 914 1267 ο
938 1200 1078 1285 βασιλείς
1096 1207 1249 1287 Ζίμαρχον
1270 1203 1323 1269 τὸν

220 1287 351 1368 Κόμητα
374 1293 430 1367 τῆς
457 1285 616 1392 τίνατολῆς
628 1289 758 1371 incitatae
778 1287 850 1365 τοιίς
872 1283 1089 1363 ἀτακτοῦντας,
1118 1289 1169 1353 καλ
1192 1287 1325 1364 πολλονς

218 1371 341 1456 ἐξώρισε
360 1373 412 1437 καί
433 1369 607 1456 ἐδήμευσε
632 1364 901 1436 Incurrexerunt'
888 1397 923 1435 ιπ
952 1373 1135 1434 orthodoxos
1158 1377 1325 1453 Severiani,

220 1469 250 1517 et
274 1460 442 1518 muitarum
470 1473 591 1521 necatae
615 1473 689 1520 cunt
716 1460 831 1522 caeder.
876 1462 981 1538 Quare
1008 1463 1173 1539 imperator
1200 1463 1326 1518 Zimar-

220 1543 311 1604 cltum
333 1547 458 1604 orientia
478 1550 616 1605 comitem
633 1548 736 1624 misit,
763 1548 820 1625 qui
839 1543 1003 1604 reditiones
1021 1545 1127 1602 conith
1123 1548 1173 1621 it,
1204 1539 1326 1603 eorum-

222 1649 281 1707 que
301 1629 380 1686 aiios
409 1631 515 1709 exilio,
543 1631 626 1688 aliae
653 1632 754 1709 capite
773 1631 912 1710 punivit.
956 1629 1056 1688 Fuit·
1047 1649 1074 1689 ιι
1095 1590 1187 1688 eliath
1206 1641 1326 1690 curator

222 1711 331 1773 domus
352 1714 522 1792 placidiae,
543 1726 578 1774 nt
598 1716 677 1773 infra
684 1714 806 1794 ,.adp
826 1716 888 1778 116
908 1716 963 1780 lin.
979 1715 1032 1777 28.

305 1801 342 1858 P.
362 1798 420 1873 43,
442 1800 474 1861 3.
521 1798 699 1859 Bederiana
722 1803 833 1879 patria
856 1801 942 1879 fuit]
979 1796 1129 1879 Agathino
1156 1795 1323 1857 Bederina.

219 1884 327 1942 lustini
348 1887 477 1963 patriam
497 1887 634 1945 nominat
656 1889 748 1945 etiam
769 1897 856 1946 autor
879 1883 1012 1944 chronici
1025 1881 1235 1958 Alexandrini,
1256 1877 1329 1945 'Iou-

221 1975 323 2040 στῖνος
344 1967 361 2031 ὁ
381 1968 599 2069 βενιλαρίτης’
579 1995 597 2033 ο
619 1973 720 2052 θρᾷξ,
745 1972 815 2048 lege
836 1972 1002 2052 Βιιλερίτης.
1045 1971 1208 2049 Corruptus
1230 1967 1331 2027 codex

221 2051 324 2110 fraudi
344 2053 403 2110 fuit
424 2052 511 2111 docto
529 2055 702 2132 interpreti,
731 2055 784 2133 qui
806 2054 911 2128 vertit,
932 2055 1073 2113 Iustinus
1095 2056 1254 2129 tribunus,
1275 2071 1330 2112 seu

221 2138 384 2215 vexillifer,
406 2139 619 2238 annotavitque
639 2139 818 2218 βενὸαρίτης
838 2135 935 2198 videri
958 2137 1120 2202 Vendrieli,
1154 2137 1255 2196 Etiam
1275 2140 1332 2195 Iu-

222 2224 345 2284 stiniani
366 2225 495 2302 patriam
516 2224 610 2282 fnisse
628 2223 820 2298 Bederinam,
843 2223 972 2282 affirmat
988 2221 1134 2302 Agathino
1154 2223 1177 2281 l·
1195 2222 1225 2284 5.
1267 2219 1332 2281 Sed

222 2319 276 2367 aut
296 2328 369 2366 eum
389 2309 588 2367 allucinatum
608 2320 695 2388 putat
716 2309 971 2388 Scalembergius,
993 2319 1045 2367 aut
1061 2310 1254 2386 Procopium,
1277 2306 1332 2387 qui

221 2390 284 2456 l.4
307 2392 344 2450 de
366 2392 458 2452 aedil.
480 2396 678 2469 Tauresium,
706 2395 757 2453 vel
776 2397 954 2454 Taurisium
981 2395 1094 2453 scribit.
1137 2394 1267 2452 0rtelius
1296 2401 1331 2450 ut

221 2476 280 2537 hos
301 2488 419 2537 autores
441 2481 594 2554 conciliet,
629 2500 723 2564 unam
744 2480 851 2538 urbem
874 2477 946 2538 dicit
967 2477 1166 2553 Bederinam,
1191 2488 1222 2536 et
1243 2479 1332 2536 Tuu-
1409 2513 1411 2519 =

222 2565 355 2636 resium3
384 2561 439 2621 sed
468 2574 629 2644 utrumque
657 2567 690 2622 in
723 2585 854 2624 amorem
881 2564 1004 2622 induxit
1035 2566 1161 2623 mutilus
1190 2563 1331 2640 Procopii

221 2649 310 2722 liber,
332 2666 392 2727 quo
413 2645 510 2707 nihilo
531 2653 633 2709 sanior
654 2659 700 2709 est
720 2648 814 2710 editio
835 2653 1029 2728 Augustana.
1054 2648 1152 2709 codex
1168 2650 1331 2708 Vaticanus

223 2731 486 2792 emendatissimus
507 2736 551 2792 sic
567 2732 669 2795 habet.
710 2729 764 2796 Ἐν
751 2733 951 2840 Δαρδρὶνοις
966 2758 1026 2797 noo
1042 2741 1106 2837 τοῖς
1121 2727 1330 2836 Εὐρωπαίοις,

223 2821 255 2882 o‘i
281 2815 320 2898 δη
343 2812 416 2896 uerti
437 2842 511 2893 τους
525 2812 770 2899 Ἐπιδαμνίων
752 2843 843 2900 ορους
865 2817 1005 2904 ιμ’κηνκαι,
1025 2824 1080 2881 τοῦ
1102 2820 1252 2923 φρουρίου
1274 2813 1330 2924 iip-

220 2921 318 2985 χιστα,
334 2926 414 3008 paen
438 2900 602 3010 Βεδεριοίνα
623 2905 815 2983 ἐπικαλεῖται,
836 2907 949 2987 χωρίον
967 2897 1178 2985 Τανρήσιον”
1163 2926 1258 2982 ονομα
1278 2925 1332 2979 ην.

222 2990 316 3053 ἔνθεν
334 2981 545 3061 Ἰουστινιανος
573 2987 714 3070 βασιλευς
740 2987 760 3052 τί
786 2995 842 3070 τῆς
869 2988 1050 3070 οἰκουμένης
1070 2985 1204 3090 piatonis
1226 2983 1331 3091 εἷίρμη-
1347 2993 1422 3048 Ata

220 3097 280 3136 ται.
323 3079 413 3136 τοῦτο
434 3072 491 3154 μὲν
512 3097 570 3137 ονν
590 3071 625 3138 ad
647 3077 758 3156 χωρίον
785 3075 819 3138 ἐν
840 3078 948 3177 βραχεῖ
973 3067 1177 3156 τειχισάμενος
1196 3069 1273 3134 aurci
1294 3065 1329 3132 cd

222 3150 412 3237 τετράγωνον
433 3163 549 3240 σχῆμα,
569 3159 621 3268 καί
644 3161 741 3244 γωνία
761 3155 871 3247 ἑκάστη
893 3155 1012 3243 πύργον
1034 3159 1198 3266 ίνθὲμενος
1224 3162 1331 3260 Tarpa-

222 3245 355 3322 πνρχίαν
377 3238 457 3304 είναί
476 3267 508 3305 τε
529 3244 580 3306 καί
602 3251 763 3308 καλεῖσθαι
785 3248 941 3322 πεποίηκε.
984 3238 1066 3348 παρ’
1080 3238 1165 3329 ariani
1190 3239 1222 3304 tt
1243 3238 1330 3322 μάλι-

223 3345 279 3390 στα
298 3330 342 3409 τῷ
361 3327 461 3427 χωρίῳ
482 3328 570 3390 πόλιν
594 3327 835 3410 ἐπιφανεστάτην
857 3325 1066 3438 ἕδείματο,”
1043 3352 1141 3410 ηνπερ
1141 3307 1332 3390 Ἰουστινια·

222 3436 285 3492 νην
306 3406 446 3490 ω’νόμασε
467 3413 599 3492 πρίμαν,
621 3419 716 3475 ccciccc
731 3439 767 3498 τη
755 3415 965 3498 ’θρεψαμένῃ
990 3411 1027 3476 τὰ
1047 3419 1174 3494 τροφεῖα
1194 3413 1331 3474 ἐκείνων.

221 3495 322 3576 Apud
342 3494 516 3555 Dardanos
536 3499 726 3574 Europaeoo,
749 3503 806 3575 qui
824 3511 895 3575 post
909 3477 1169 3576 Epidamniorum
1191 3499 1335 3553 terminas

223 3583 367 3640 habitant
395 3579 442 3638 ad
463 3579 676 3660 prae-sidium,
704 3581 792 3660 quod
810 3581 987 3640 Βειίειίαιιει
1013 3593 1158 3658 uocatur,
1187 3579 1337 3660 oppidum

224 3678 268 3726 cat
294 3670 478 3726 Taureaium
500 3669 640 3748 nomine3
669 3667 743 3724 hinc
763 3667 961 3727 lastinianus
977 3671 1122 3745 princeps
1143 3667 1226 3724 orbis
1247 3679 1339 3745 'repn-

223 3762 311 3810 rator
337 3763 423 3809 ortua
453 3764 518 3825 eat,-
552 3774 620 3811 eum
649 3752 750 3811 locam
777 3773 865 3811 maro
897 3751 1086 3811 circundans
1114 3750 1339 3832 quadrangula

214 3838 330 3918 figura
351 3837 486 3914 cingulis
513 3838 643 3918 angulis
663 3841 778 3897 turrim
800 3841 965 3917 imposuit,
986 3839 1159 3919 effecitque,
1189 3846 1224 3894 ut
1253 3844 1339 3909 cacat,

224 3935 252 3981 et
272 3932 435 3983 uocaretur
454 3921 692 3999 quadriturrita.
737 3924 829 3984 quta
852 3923 977 3983 eundem
999 3926 1103 3982 locum
1124 3921 1228 3980 urbem
1249 3920 1340 3979 nobi-

223 4009 379 4066 lacrimam
399 4003 555 4082 condidit,
578 4029 673 4085 quam
690 4009 901 4078 lastinianum
918 4013 1057 4089 primam
1080 4007 1266 4086 appellavit
1289 4015 1339 4063 at-

224 4115 293 4174 quc
307 4093 530 4151 nutricationis
559 4093 700 4170 offcium
726 4096 834 4153 altrici
857 4098 985 4173 patriae
1013 4091 1159 4170 rependit.
1201 4092 1248 4148 De
1279 4109 1340 4196 qua

224 4176 379 4276 Agatlnas
392 4175 471 4235 nihil
492 4197 511 4234 a
531 4178 678 4256 Procopio
701 4177 891 4259 discrepans,
914 4179 989 4237 haec
1009 4175 1112 4234 habet.
1156 4167 1319 4256 Πατρὶς
1296 4199 1337 4255 ην
1355 4185 1380 4240 V
1401 4187 1454 4241 3111

225 4259 310 4362 αυτῷ
339 4256 428 4336 πόλις
457 4256 602 4363 Ἰλλυρική
626 4264 772 4344 Βειλερίνη
805 4287 861 4344 μεν
893 4261 927 4325 in
955 4265 1088 4324 παλαιοῦ
1116 4254 1337 4340 ὀνομαζομένη,

224 4366 352 4448 νστερον
372 4344 407 4410 di
427 4341 533 4454 προίτη
554 4342 749 4429 Ἰοαστινιανη
775 4352 1005 4449 μετακληθεῖσα
1047 4341 1258 4419 Ἰοοσιινιανὸς
1279 4341 1338 4448 χείρ

225 4453 279 4495 ατε
298 4429 339 4514 δη
367 4425 437 4498 κατ’
455 4455 554 4515 αντην
583 4432 629 4510 είς
650 4437 719 4514 poia
739 4431 964 4518 προηχμίνσς’
950 4428 1112 4516 εκὸσμησεν
1135 4426 1260 4506 εἰκότας
1280 4452 1338 4511 την
