3125 4959
543 445 687 513 NOTAE
713 442 940 513 ALEMANNI.
1216 439 1291 512 365

188 614 271 673 dices
286 614 421 675 Vaticani
436 608 602 685 Ἰσοστῖαος.
645 615 757 672 verum
779 630 820 670 ex
841 607 949 670 eadem
969 610 1024 668 illa
1039 606 1296 689 Chalcondyliana

188 701 320 759 editione
341 703 405 758 iam
426 699 479 758 diu
500 707 617 778 poterat
645 695 725 755 illud
744 696 891 756 mendum
912 696 996 769 tolli,
1018 697 1045 754 si
1069 698 1136 775 quis
1161 698 1298 752 arrirnmn

188 786 386 860 attendisset3
407 805 479 842 narn
500 788 533 843 in
553 804 628 842 voce
647 777 815 863 ἆμᾶθητος,
839 780 915 841 haec
937 779 1045 840 eadem
1066 782 1204 860 Procopii
1226 801 1298 840 seu-

188 875 283 930 tentia
304 873 455 949 profertur
478 873 596 949 integro
617 870 723 928 lustini
747 867 897 928 nomine.¹
925 870 966 926 At
987 869 1130 947 frequens
1151 886 1223 925 saue
1252 875 1298 923 est

187 957 381 1014 librationum
401 957 504 1034 lapsus
525 958 558 1012 in
584 953 633 1016 his
655 953 772 1012 duobus
794 954 902 1012 Iustiui
926 973 961 1011 ao
982 954 1140 1025 Iustiniani
1164 952 1296 1010 vocabu·
1313 951 1335 1004 P
1350 949 1401 1004 toa

188 1042 237 1113 lis,
260 1045 384 1098 cumin
405 1039 463 1100 hac
484 1040 625 1114 historia,
648 1051 682 1098 ut
702 1040 791 1114 infra,
814 1049 844 1096 et
864 1041 896 1096 in
918 1041 1000 1098 notis
1022 1039 1168 1096 aerisonis
1189 1057 1298 1096 moue-

187 1126 305 1200 bimus,
332 1136 399 1183 tum
422 1127 495 1184 olibi
517 1125 599 1205 apud
620 1127 802 1204 Evagrium,
832 1124 969 1203 aliosque
993 1127 1169 1202 scriptores,
1198 1125 1242 1180 ita
1264 1131 1299 1180 ut

172 1213 247 1273 ‚viri
269 1213 439 1288 gravissimi
463 1231 532 1268 eam
554 1212 686 1276 obrem
709 1211 801 1288 longe
822 1228 841 1266 a
863 1211 989 1269 veritate
1010 1207 1154 1270 historiae
1175 1208 1297 1266 aberra·
1313 1209 1338 1263 V
1353 1207 1406 1265 847

189 1298 259 1353 rint.
301 1301 380 1355 Nam
400 1294 566 1355 Athalarici
587 1292 770 1356 Gotthorum
797 1295 878 1372 regis
905 1294 1017 1371 legatio
1047 1292 1085 1351 de
1114 1313 1188 1372 pace
1220 1313 1297 1374 quae

188 1379 318 1439 liabetur
338 1385 361 1440 l.
373 1381 404 1455 8,
426 1385 534 1440 variar.
559 1380 729 1440 cassiodori
745 1381 864 1460 epist.1
887 1378 926 1438 ad
939 1380 1089 1438 Iustinum
1111 1388 1164 1451 est,
1189 1398 1299 1458 quem-

190 1465 358 1524 admodum
388 1467 518 1541 legimus
549 1465 583 1521 in
604 1468 748 1524 Vaticano
779 1463 902 1538 codice;
931 1483 992 1523 non
1024 1462 1064 1521 ad
1088 1467 1298 1539 Iustiniauuru,

189 1560 225 1607 ut
248 1551 352 1606 titulus
375 1548 514 1608 editionis
534 1551 712 1607 Parisieusis
732 1569 805 1632 prae
827 1569 859 1606 se
887 1549 963 1622 fert,
992 1560 1023 1606 et
1043 1551 1089 1606 vir
1111 1547 1215 1608 doctus
1237 1552 1300 1607 Ba-

191 1637 294 1692 ronius
318 1631 438 1691 credere
466 1653 529 1692 nou
551 1632 709 1692 dubitarit.
753 1629 912 1712 Siquidem
934 1635 976 1689 ait
996 1631 1204 1693 Athalaricus:
1231 1637 1301 1714 pri.

191 1718 316 1776 mordia
332 1719 447 1796 'itaque
474 1731 598 1795 nostra,
631 1719 746 1776 solatia
777 1727 952 1774 mereantur
974 1719 1128 1795 principis
1157 1719 1301 1797 longaevi

190 1804 308 1863 habere.
350 1804 444 1882 Atqui
464 1805 648 1860 Iustiniauus
677 1803 790 1880 κομιδῆ
814 1801 902 1878 νέος,
933 1799 1102 1859 admodum
1127 1800 1302 1860 adolescens

191 1899 255 1946 erat
284 1888 330 1966 (ut
351 1891 453 1946 statim
475 1887 577 1945 subdit
598 1885 775 1965 Procopius)
804 1905 874 1943 cum
901 1883 1090 1944 Athalaricus
1118 1906 1186 1944 eam
1215 1889 1302 1963 lega-

191 1976 308 2032 tionem
326 1971 501 2030 adornabat.
545 1975 596 2030 Ait
609 1983 781 2051 praeterea3
804 1973 1042 2048 coagonizarent
1063 1991 1164 2028 meum
1186 1974 1219 2029 in
1234 1974 1304 2031 ltu-

86 2057 92 2065 '
191 2060 240 2116 lia
261 2059 419 2135 palmatae
441 2058 583 2114 claritate
606 2059 783 2119 decorastis.
826 2054 890 2114 sed
911 2057 1030 2132 genitor
1051 2054 1218 2114 Atlralarioi
1238 2059 1305 2115 Eu-

192 2142 325 2202 tharicus
353 2155 422 2200 aute
443 2163 556 2202 novem
574 2163 668 2201 annos
690 2161 784 2223 quam
805 2141 988 2198 Iustinianus
1010 2141 1119 2198 Caesar
1147 2152 1243 2218 esset,
1273 2151 1305 2201 et

191 2229 230 2286 ab
253 2250 289 2287 eo
312 2229 419 2286 consul
440 2231 532 2286 creari
553 2239 673 2307 posset,
704 2228 871 2306 palmatam
898 2225 1037 2285 induerat
1058 2229 1091 2282 iu
1114 2227 1217 2300 ltalia,
1246 2247 1305 2284 uec

192 2313 247 2372 diu
268 2324 346 2392 post,
369 2312 451 2371 diem
469 2315 594 2373 obierat.
636 2312 847 2385 Ait‘demum3
870 2308 1022 2390 desiderio
1040 2333 1161 2391 quoque
1182 2333 1306 2370 concor-

192 2398 265 2457 diae
276 2399 392 2477 sactus
412 2411 457 2458 est
473 2419 636 2477 perarma
648 2399 755 2477 filius,
778 2399 924 2477 quamvis
944 2395 1030 2456 vobio
1047 2418 1123 2474 pene
1143 2395 1306 2456 uidebatur

192 2506 378 2562 aequaevus.
420 2487 502 2563 Ergo
523 2485 709 2543 lastinianus
737 2485 791 2564 qui
821 2503 884 2541 non
914 2483 1014 2540 solum
1035 2482 1126 2560 plena
1147 2483 1306 2561 pubertate

193 2568 393 2626 Eutharicum
414 2589 476 2628 non
497 2569 704 2648 praecedebat,
726 2567 782 2634 sed
796 2569 908 2648 κομιδῆ
921 2567 998 2641 νέος,
1018 2567 1112 2644 plane
1130 2565 1306 2626 adolescens

194 2654 274 2726 erat,
296 2673 401 2710 senem
419 2653 587 2730 adoptavit,
611 2675 628 2711 a
650 2675 710 2734 quo
731 2655 836 2713 multis
859 2673 1006 2711 annorum
1028 2649 1158 2712 decuriis
1180 2675 1305 2734 supera-

193 2739 292 2795 batur.
337 2740 418 2814 Lege
446 2737 631 2794 lornaudum
658 2741 711 2796 lib.
734 2760 791 2797 rer.
813 2740 910 2796 Getic.
933 2749 1082 2796 extremo.
1126 2740 1208 2796 Haec
1236 2741 1304 2797 obi-

193 2833 258 2896 ter,
288 2819 343 2878 sed
375 2825 543 2879 necessario
564 2825 757 2892 monuimus,
786 2824 873 2900 plura
895 2823 972 2878 infra
996 2821 1034 2878 ad
1057 2844 1087 2900 p.
1111 2823 1152 2886 45
1174 2825 1229 2880 lin.
1253 2823 1308 2900 15,

195 2910 257 2972 135
278 2909 333 2964 lin.
356 2908 406 2969 16.
449 2909 489 2964 Et
510 2909 542 2962 iu
562 2911 647 2964 Notis
670 2909 812 2965 censoriis
835 2904 883 2962 ad.
906 2927 937 2984 p.
959 2907 1077 2982 27liu.
1100 2910 1152 2970 36.

278 2994 315 3049 P.
332 2990 384 3065 44,
407 2993 457 3052 12.
500 2993 644 3069 Proclus]
666 2994 752 3050 Alius
775 3002 820 3049 est
838 2992 962 3048 Procius
984 2993 1111 3067 insignis
1132 2988 1305 3049 mathema-

193 3079 285 3150 ticus,
309 3079 361 3155 qui
381 3073 441 3134 hoc
462 3086 597 3154 tempore
618 3078 761 3150 florebat,
785 3088 814 3133 et
836 3077 986 3134 Anastasii
1008 3078 1197 3154 imperatoris
1219 3098 1304 3134 mor-

192 3173 258 3219 tem
281 3163 424 3233 coniecit,
447 3171 477 3218 et
498 3163 639 3220 Vitaliaui
662 3164 791 3220 classem
814 3164 891 3219 miro
915 3161 1039 3219 artificio
1062 3163 1240 3237 corubussit,
1270 3174 1304 3220 ut

193 3247 387 3304 Marcellinus
409 3256 439 3302 et
456 3248 603 3323 Evagrius
624 3259 755 3305 narrant.
800 3250 857 3304 Hic
878 3267 949 3304 vero
972 3246 1030 3303 fuit
1052 3248 1140 3303 Pauli
1165 3241 1303 3326 Byzantii

194 3334 274 3389 lilius
296 3333 369 3387 iuris
394 3332 653 3406 consultissimus,
682 3328 763 3410 α’νῆρ
786 3333 903 3403 δίκαιος
930 3330 982 3392 καλ
1003 3332 1166 3410 χρημάτων
1188 3327 1305 3412 cidupo'·

193 3440 293 3489 τατος,
315 3415 403 3472 homo
426 3418 538 3494 iuretur,
561 3417 716 3494 nullisque
737 3416 959 3494 largitionibus
977 3415 1228 3494 corrumpendus,
1253 3421 1305 3500 qui

194 3505 346 3561 Iustinum
364 3501 577 3578 imperatorem
599 3500 881 3581 paratissimum.ad
896 3499 1061 3558 Clrosrobm
1077 3501 1214 3559 Cabadae
1229 3504 1306 3559 Per-

194 3607 299 3647 sarum
318 3588 397 3663 regis
419 3585 516 3642 filitnu
537 3589 595 3645 sibi
617 3585 841 3664 adoptandum,
871 3587 1056 3642 aseuteutia
1076 3584 1236 3662 deterruit,
1267 3607 1306 3646 ne

195 3673 234 3731 ad
249 3675 366 3744 Persas,
387 3673 537 3749 iuquiens,
559 3677 765 3730 Romanorum
785 3672 947 3750 imperium
966 3672 1091 3726 veniret.
1136 3672 1223 3742 Quod
1244 3674 1306 3730 im-

193 3769 319 3838 perante
340 3759 454 3814 Iustino
479 3760 617 3815 universa
638 3762 774 3815 Romana
796 3756 964 3835 respublica
993 3755 1028 3812 ab
1052 3753 1142 3813 liuius
1171 3779 1240 3833 ore,
1273 3769 1306 3816 ut

195 3847 238 3902 ait
259 3844 433 3921 Procopius,
455 3842 609 3920 penderet,
632 3845 687 3903 sub
711 3845 775 3901 eius
796 3843 883 3921 signo
906 3861 999 3900 aerreo
1022 3845 1168 3922 scriptum
1189 3842 1221 3902 id
1243 3857 1306 3902 erat

194 3929 466 4005 Constantinopoli.

324 4007 465 4091 Πρόκλος
484 4008 542 4092 lyci
562 4007 742 4088 Βυζάντιος,
762 4006 797 4073 ὃν
818 4009 888 4092 περὶ
911 4013 997 4092 δῶμα

321 4093 510 4176 τηλεθάοντα
531 4099 618 4178 δίκης
636 4094 792 4178 βασιλήιος
813 4091 949 4176 ἥρπασεν
971 4091 1060 4175 arilli,

324 4177 400 4263 ὄφρ’
423 4183 489 4262 εἴην
511 4178 604 4261 στόμα
624 4180 732 4247 πισιὸα
752 4182 923 4261 ἐρισθενέος
946 4185 1097 4261 βασιλῆος.
1320 4191 1344 4243 Α
1364 4191 1396 4246 19

323 4260 457 4347 ciyye'llrc
477 4262 510 4330 d'
531 4263 584 4331 lac
605 4266 710 4348 χαλκὸς
727 4262 803 4330 ὅσον
824 4267 1013 4349 piacularia
1034 4260 1166 4328 ἀέθλων.

323 4351 375 4413 καὶ
392 4349 435 4414 rd'
450 4349 506 4432 μὲν
527 4354 624 4416 εἴκελα
644 4350 745 4415 πάντα
766 4351 825 4414 καλ
839 4353 902 4414 υἱέϊ
919 4352 971 4414 καλ
993 4357 1138 4436 proscripa,

323 4434 357 4504 lv
379 4433 408 4506 δ’
429 4435 556 4523 ducitur
579 4435 724 4524 ῥάβδοισι
740 4433 813 4518 πάϊς
834 4440 939 4522 νίκησε
959 4442 1063 4522 τοκῆα.
