3125 4959
477 420 676 491 thMhNNl
699 418 957 489 tttsstttttmo.
1220 448 1273 494 xv

173 589 219 677 qni
233 591 270 656 ab
285 590 340 657 hae
352 588 469 655 tiuorte
483 589 631 657 lalaitatetu
647 590 742 678 procul
757 592 859 657 ebeno
876 590 962 657 bdem
974 591 1091 671 iaciant,
1113 592 1275 661 lautiniauuu

174 694 251 782 ipae,
272 692 386 758 tunium
399 692 560 771 at‘unculue,
586 693 730 781 iuniorquo
751 694 824 761 ulter
836 696 942 761 rororis
953 695 1093 761 lattiniani
1114 695 1184 760 illiue
1197 696 1275 761 tuti·

173 819 232 861 nur.
275 795 349 859 Nam
372 796 418 861 hio
447 796 575 883 quidem,
610 797 732 863 extincto
761 797 925 875 luctinieno,
950 798 1073 886 dirisque
1097 798 1276 876 Venetorum,

174 896 401 985 Prasiuorumque
415 898 597 965 seditionibus
619 899 710 966 adhuc
730 900 877 965 taanenu
891 900 1013 986 lmperio
1030 902 1164 977 humano,
1188 924 1276 987 popu·

175 1000 262 1063 lorum
289 999 318 1063 in
346 1001 445 1079 Circo,
468 1014 550 1089 atque
577 1002 721 1080 Theatra,
749 1002 850 1068 etrictiu
866 1000 1057 1079 mucronibue,
1082 1002 1277 1091 gladiatorum,

175 1101 222 1165 uel
250 1102 339 1187 potiue
355 1102 473 1169 boetium
494 1125 573 1169 more
596 1103 625 1171 iu
645 1126 710 1171 reue
729 1104 913 1171 luneetimimo
936 1106 1094 1193 epectamlo
1119 1103 1278 1171 irruentium

176 1206 321 1283 tumultus,
344 1230 398 1293 qua
415 1228 486 1271 roeo
501 1228 682 1294 compescere
701 1207 850 1293 aliqnando
863 1205 966 1281 uoluit,
988 1206 1088 1273 eadem
1102 1206 1278 1274 luatinitinnm

176 1308 307 1373 naulorum
322 1308 441 1375 omnium
455 1309 576 1397 prodidit
593 1322 725 1375 autorem.
769 1312 857 1387 aas,
880 1310 973 1397 inquit,
995 1316 1081 1390 daec,
1101 1310 1279 1392 Reipublicae

177 1415 363 1475 calamitatum
387 1420 423 1477 eil
444 1416 554 1497 denique
568 1416 670 1475 modun.
717 1414 794 1475 l'ubt’e
814 1417 927 1491 obbae,
951 1416 1057 1493 Veneti,
1079 1414 1278 1481 luctuum

115 1570 118 1577 .
176 1514 290 1576 Prurim'
301 1519 375 1577 uubis
390 1538 520 1599 euperem
534 1521 638 1580 acute.
679 1516 729 1581 Sic
744 1516 824 1592 illoc,
848 1514 988 1579 tauriniani
1005 1512 1154 1600 desperato
1169 1513 1276 1588 darom,

177 1616 313 1693 coercuit,
336 1617 389 1681 hoe
403 1630 511 1692 autom,
534 1616 658 1683 eiusdem
686 1618 874 1683 crudelitatem
900 1615 1102 1695 interminatae,
1135 1614 1277 1681 deterruit.

178 1718 237 1779 llae
251 1716 345 1783 lustiui
362 1741 432 1783 uoce
447 1718 535 1784 altera
553 1717 633 1783 huiuu
646 1719 779 1785 historiae
796 1744 877 1806 para,
898 1741 972 1807 quae
986 1720 1023 1785 de
1037 1716 1157 1784 Prauiuie
1169 1716 1230 1801 agit
1244 1738 1279 1779 ae
1292 1734 1317 1789 p
1329 1730 1396 1787 vm

179 1818 311 1894 Venetis,
349 1818 416 1881 mtie
437 1820 639 1906 comprobatur.
683 1823 728 1887 De
752 1824 841 1887 altera
862 1844 946 1898 uero,
975 1843 1048 1909 quae
1074 1819 1280 1884 inimimimam

178 1918 349 1983 Theodorou
371 1920 575 1998 educationem,
605 1924 703 2001 eitam,
731 1946 878 2011 morerque
897 1924 1017 1989 eontinet
1048 1927 1146 2010 (quam
1171 1920 1209 1986 nti
1229 1942 1282 1984 non

181 2033 291 2083 uertere
306 2020 365 2083 siue
380 2020 495 2097 rubore,
519 2022 581 2085 uiue
598 2026 739 2089 stomacho
752 2050 807 2090 noo
826 2026 975 2112 potuimus,
997 2026 1036 2095 ita
1049 2046 1139 2111 nequo
1162 2024 1283 2087 tenum

180 2120 250 2184 alios
264 2125 403 2207 putemus)
425 2122 448 2185 ui
470 2122 530 2209 quio
552 2123 673 2201 dubitet,
697 2140 771 2189 extat
793 2127 932 2213 hodieque
951 2127 1043 2192 luatini
1067 2124 1193 2192 Senioriu
1207 2123 1281 2187 Con·

182 2221 299 2298 stitutio,
322 2246 376 2308 qua
391 2222 534 2289 mulierum
549 2222 719 2291 abiecturum
735 2228 906 2315 Principibus
926 2230 993 2294 ririu
1014 2227 1203 2316 permittuntur
1216 2247 1283 2288 con·

183 2320 274 2384 nubia.
315 2322 385 2385 lllud
399 2324 453 2387 hac
467 2323 535 2412 lege
547 2326 663 2392 lustinus
675 2328 750 2417 ugit,
776 2351 813 2393 no
837 2328 995 2394 lustinianoo
1008 2328 1112 2393 rororis
1133 2328 1214 2401 lilim,
1236 2326 1284 2411 qui

183 2420 543 2488 Theodorumtiliesimum
562 2443 680 2493 aeonum
701 2432 862 2518 deperibat,
884 2432 998 2517 eiusque
1020 2429 1151 2515 coniugio
1177 2440 1205 2493 ot
1230 2425 1286 2493 tui

185 2534 279 2607 posset
295 2521 457 2609 flagitabat,
477 2524 614 2610 lmperio,
635 2541 662 2589 et
677 2552 843 2618 quacumque
857 2534 912 2597 alia
926 2533 1061 2619 dignitate
1073 2532 1128 2597 hoc
1144 2530 1205 2617 ipro
1219 2553 1283 2617 pro·

185 2624 337 2688 biberetur,
380 2624 449 2689 lllud
465 2626 547 2689 etiam
562 2628 661 2689 eadem
676 2626 724 2689 illa
744 2629 811 2713 lege
832 2636 1004 2718 apertissimo
1025 2648 1150 2701 testatum
1168 2632 1285 2721 posteri·

185 2726 233 2789 tati
247 2726 370 2812 reliquit,
394 2748 510 2791 oscena
534 2726 714 2793 Theodoram
743 2728 841 2797 luisse:
867 2755 904 2798 ex
927 2738 1051 2801 omnibus
1076 2737 1150 2802 enim
1170 2734 1286 2799 abiectio

186 2829 369 2904 mulierculis,
391 2851 463 2915 quao
487 2852 505 2893 a
527 2830 679 2917 Principum
709 2832 831 2897 virorum
856 2837 1030 2901 matrimonio
1058 2838 1126 2921 lege
1153 2838 1287 2900 sonnac-

85 2966 89 2975 ·
186 2931 289 2994 tiniaua
304 2930 539 3007 excludebantur,
567 2932 693 2997 scenicae
707 2939 892 3002 tantummodo
906 2962 942 3003 ea
956 2938 1155 3003 Constitutione
1173 2938 1288 3002 lustinus

186 3032 385 3119 complectitur.
429 3034 552 3097 Eeeena
566 3033 651 3119 igitur
664 3034 817 3100 Theodora
840 3062 902 3103 cum
922 3038 1016 3118 luerit,
1035 3041 1164 3127 quidquid
1178 3039 1289 3123 flagitii,

187 3134 318 3221 quidquid
342 3134 542 3199 obscoenitatis
572 3136 609 3200 de
637 3136 685 3199 illa
709 3160 925 3218 commemores,
960 3142 1029 3207 nihil
1049 3144 1146 3209 credet
1166 3142 1288 3218 nimium,

187 3237 233 3321 qui
252 3236 358 3301 credet.

273 3369 396 3435 Tertium
414 3370 493 3436 huiuu
506 3370 644 3439 lliutoriao
659 3388 784 3461 partem,
808 3398 881 3464 quae
905 3390 946 3443 nu
961 3378 999 3444 le
1016 3378 1155 3445 luatiniani
1170 3378 1288 3445 admini-

189 3472 256 3547 bue,
281 3471 400 3559 ipacmet
420 3476 580 3559 comprobat
601 3479 776 3555 lastinianum
803 3481 870 3545 lieet
890 3495 981 3545 autem
1001 3481 1073 3546 haee
1094 3484 1142 3545 illo
1161 3505 1214 3546 nec
1233 3482 1289 3544 uia·

191 3574 326 3662 gillatim,
353 3598 406 3641 neo
426 3591 523 3661 aperte
543 3579 671 3659 latentur,
701 3596 793 3647 tamen
810 3605 901 3647 rerum
915 3605 932 3646 a
946 3604 978 3647 ee
998 3583 1058 3649 lere
1072 3583 1191 3655 omnium
1213 3581 1289 3645 male

192 3678 323 3743 ladanum
347 3678 486 3765 originem
506 3700 560 3745 non
583 3682 670 3747 solum
689 3707 744 3749 uon
764 3684 852 3759 celat,
875 3686 926 3749 uod
940 3686 1024 3750 ctiam
1040 3683 1116 3751 acrio
1136 3684 1287 3769 prolitetur.

192 3782 285 3856 llaec,
307 3779 407 3866 inquit,
437 3788 526 3845 onemo
544 3786 616 3867 opud
635 3809 682 3849 nuc
702 3796 850 3869 cogitantes
874 3812 917 3852 rr
939 3808 992 3853 turc
1013 3808 1146 3871 ouoottr
1175 3792 1290 3867 purtim

191 3904 250 3964 pem
271 3886 376 3949 eorudlt't'
390 3892 548 3968 sumpsimus
567 3909 644 3966 enm,
670 3910 738 3969 quoe
758 3912 777 3951 a
798 3892 856 3952 Deo
875 3893 943 3953 duta
963 3898 1002 3952 eut
1021 3894 1115 3966 nobie,
1139 3895 1290 3969 putarim

195 3990 340 4063 mniugem.
380 3984 507 4051 Felicem
520 3985 603 4072 plane
615 3988 808 4065 lastinianum,
830 3990 943 4075 eiusque
962 3990 1143 4076 principatum
1163 3991 1288 4076 Scripto-
1305 3998 1360 4055 ht

195 4108 242 4151 rea
261 4106 356 4151 omnes
374 4084 611 4153 fortunatissimum
627 4089 740 4155 loturum
761 4093 846 4157 tuine
860 4092 1012 4169 affirmant,
1040 4094 1092 4157 nisi
1112 4093 1292 4157 Theodoram

196 4188 386 4266 conuitiorum,
417 4210 564 4277 rerumque
591 4195 775 4278 gerendarum
801 4194 964 4280 participem
991 4195 1139 4263 habuisset.
1182 4195 1293 4259 lleinde

196 4312 245 4353 uua
260 4290 421 4356 lastinianus
445 4292 569 4357 facinora
593 4294 729 4379 prioribus
752 4310 817 4360 oeto
838 4296 892 4360 illie
912 4296 1046 4363 historiae
1065 4296 1193 4382 Procopii
1214 4295 1294 4359 libri·

197 4392 305 4461 omnino
320 4393 394 4461 visus
407 4410 450 4464 eut
464 4397 659 4477 molirmauee,
684 4421 753 4487 quoe
772 4398 828 4465 ianr
841 4413 897 4468 tom
912 4401 950 4469 ab
970 4404 1076 4469 Autore
1095 4402 1224 4490 vulgator
1240 4401 1291 4464 lue
