<?xml version="1.0" encoding="UTF-8"?>
<!DOCTYPE html PUBLIC "-//W3C//DTD XHTML 1.0 Transitional//EN"
    "http://www.w3.org/TR/xhtml1/DTD/xhtml1-transitional.dtd">
<html xmlns="http://www.w3.org/1999/xhtml" xml:lang="en" lang="en">
 <head>
  <title>
</title>
<meta http-equiv="Content-Type" content="text/html;charset=utf-8" />
  <meta name='ocr-system' content='tesseract 3.04.00' />
  <meta name='ocr-capabilities' content='ocr_page ocr_carea ocr_par ocr_line ocrx_word'/>
</head>
<body>
  <div class='ocr_page' id='page_1' title='image "./corpusscriptoru46theogoog/corpusscriptoru46theogoog_0434.png"; bbox 0 0 3125 4959; ppageno 0'>
   <div class='ocr_carea' id='block_1_1' title="bbox 281 468 1034 543">
    <p class='ocr_par' dir='ltr' id='par_1_1' title="bbox 281 468 1034 543">
     <span class='ocr_line' id='line_1_1' title="bbox 281 468 1034 543; baseline -0.009 0"><span class='ocrx_word' id='word_1_1' title='bbox 281 468 356 543; x_wconf 80' lang='lat'><em>370</em></span> <span class='ocrx_word' id='word_1_2' title='bbox 630 471 676 538; x_wconf 84' lang='lat' dir='ltr'><em>tu</em></span> <span class='ocrx_word' id='word_1_3' title='bbox 701 470 810 539; x_wconf 75' lang='lat' dir='ltr'><em>mss.</em></span> <span class='ocrx_word' id='word_1_4' title='bbox 839 470 1034 540; x_wconf 78' lang='lat' dir='ltr'><em>luctatu</em></span> 
     </span>
    </p>
   </div>
   <div class='ocr_carea' id='block_1_2' title="bbox 178 632 1553 4532">
    <p class='ocr_par' dir='ltr' id='par_1_2' title="bbox 178 632 1553 4532">
     <span class='ocr_line' id='line_1_2' title="bbox 289 632 1381 717; baseline 0 -23"><span class='ocrx_word' id='word_1_5' title='bbox 289 671 293 677; x_wconf 87' lang='lat'>·</span> <span class='ocrx_word' id='word_1_6' title='bbox 364 638 401 694; x_wconf 79' lang='grc' dir='ltr'><em>Ρ.</em></span> <span class='ocrx_word' id='word_1_7' title='bbox 422 634 481 711; x_wconf 80' lang='grc'><em>46,</em></span> <span class='ocrx_word' id='word_1_8' title='bbox 508 636 558 698; x_wconf 89' lang='grc'><em>11.</em></span> <span class='ocrx_word' id='word_1_9' title='bbox 606 633 794 694; x_wconf 87' lang='lat' dir='ltr'><em>Amantium</em></span> <span class='ocrx_word' id='word_1_10' title='bbox 827 635 1036 695; x_wconf 74' lang='lat' dir='ltr'><em>eunuchorum</em></span> <span class='ocrx_word' id='word_1_11' title='bbox 1070 634 1163 696; x_wconf 85' lang='lat' dir='ltr'><em>aulae</em></span> <span class='ocrx_word' id='word_1_12' title='bbox 1190 632 1381 717; x_wconf 78' lang='lat' dir='ltr'><em>principem]</em></span> 
     </span>
     <span class='ocr_line' id='line_1_3' title="bbox 278 720 1383 800; baseline -0.003 -20"><span class='ocrx_word' id='word_1_13' title='bbox 278 722 471 780; x_wconf 74' lang='lat' dir='ltr'><strong>Marcellinus</strong></span> <span class='ocrx_word' id='word_1_14' title='bbox 486 720 605 799; x_wconf 82' lang='lat' dir='ltr'><em>palatii</em></span> <span class='ocrx_word' id='word_1_15' title='bbox 623 723 837 800; x_wconf 82' lang='lat' dir='ltr'><em>praepositum</em></span> <span class='ocrx_word' id='word_1_16' title='bbox 864 725 1015 797; x_wconf 74' lang='lat' dir='ltr'><em>sicininat3</em></span> <span class='ocrx_word' id='word_1_17' title='bbox 1045 723 1194 800; x_wconf 71' lang='lat' dir='ltr'><em>Euagrius</em></span> <span class='ocrx_word' id='word_1_18' title='bbox 1217 723 1383 800; x_wconf 84' lang='lat' dir='ltr'><em>imperato-</em></span> 
     </span>
     <span class='ocr_line' id='line_1_4' title="bbox 279 803 1381 887; baseline -0.004 -23"><span class='ocrx_word' id='word_1_19' title='bbox 279 810 327 864; x_wconf 87' lang='lat' dir='ltr'><em>ris</em></span> <span class='ocrx_word' id='word_1_20' title='bbox 347 805 485 865; x_wconf 72' lang='lat' dir='ltr'><em>cubiculi</em></span> <span class='ocrx_word' id='word_1_21' title='bbox 497 803 697 884; x_wconf 82' lang='lat' dir='ltr'><em>praejectum.</em></span> <span class='ocrx_word' id='word_1_22' title='bbox 739 808 815 863; x_wconf 84' lang='lat' dir='ltr'><em>Erat</em></span> <span class='ocrx_word' id='word_1_23' title='bbox 833 807 860 864; x_wconf 88' lang='lat' dir='ltr'><em>is</em></span> <span class='ocrx_word' id='word_1_24' title='bbox 882 804 1046 881; x_wconf 78' lang='lat' dir='ltr'><em>esmttcltus,</em></span> <span class='ocrx_word' id='word_1_25' title='bbox 1068 825 1165 887; x_wconf 84' lang='lat' dir='ltr'><em>caque</em></span> <span class='ocrx_word' id='word_1_26' title='bbox 1182 827 1214 864; x_wconf 87' lang='lat' dir='ltr'><em>re</em></span> <span class='ocrx_word' id='word_1_27' title='bbox 1236 825 1307 864; x_wconf 92' lang='lat' dir='ltr'><em>cum</em></span> <span class='ocrx_word' id='word_1_28' title='bbox 1323 805 1381 862; x_wconf 86' lang='lat' dir='ltr'><em>sibi</em></span> 
     </span>
     <span class='ocr_line' id='line_1_5' title="bbox 279 889 1381 971; baseline -0.004 -23"><span class='ocrx_word' id='word_1_29' title='bbox 279 910 423 971; x_wconf 87' lang='lat' dir='ltr'><em>quaerere</em></span> <span class='ocrx_word' id='word_1_30' title='bbox 441 892 605 969; x_wconf 86' lang='lat' dir='ltr'><em>imperimn</em></span> <span class='ocrx_word' id='word_1_31' title='bbox 625 909 687 947; x_wconf 88' lang='lat' dir='ltr'><em>non</em></span> <span class='ocrx_word' id='word_1_32' title='bbox 707 901 824 968; x_wconf 88' lang='lat' dir='ltr'><em>posset,</em></span> <span class='ocrx_word' id='word_1_33' title='bbox 854 889 886 947; x_wconf 88' lang='lat' dir='ltr'><em>id</em></span> <span class='ocrx_word' id='word_1_34' title='bbox 909 890 1029 970; x_wconf 88' lang='lat' dir='ltr'><em>optabat</em></span> <span class='ocrx_word' id='word_1_35' title='bbox 1049 889 1212 950; x_wconf 82' lang='lat' dir='ltr'>Theocrito</span> <span class='ocrx_word' id='word_1_36' title='bbox 1239 890 1381 948; x_wconf 76' lang='lat' dir='ltr'><em>familiari</em></span> 
     </span>
     <span class='ocr_line' id='line_1_6' title="bbox 279 973 1382 1054; baseline -0.003 -21"><span class='ocrx_word' id='word_1_37' title='bbox 279 994 355 1050; x_wconf 70' lang='grc' dir='ltr'><strong>τινος</strong></span> <span class='ocrx_word' id='word_1_38' title='bbox 382 974 463 1032; x_wconf 89' lang='lat' dir='ltr'><em>unde</em></span> <span class='ocrx_word' id='word_1_39' title='bbox 483 973 699 1054; x_wconf 76' lang='lat' dir='ltr'><em>perduellionis</em></span> <span class='ocrx_word' id='word_1_40' title='bbox 720 977 924 1054; x_wconf 76' lang='lat' dir='ltr'><em>suspicionem</em></span> <span class='ocrx_word' id='word_1_41' title='bbox 945 978 1118 1050; x_wconf 82' lang='lat' dir='ltr'><em>incurrens,</em></span> <span class='ocrx_word' id='word_1_42' title='bbox 1147 996 1164 1034; x_wconf 92' lang='lat' dir='ltr'><em>a</em></span> <span class='ocrx_word' id='word_1_43' title='bbox 1189 978 1304 1034; x_wconf 86' lang='lat' dir='ltr'><em>lustina</em></span> <span class='ocrx_word' id='word_1_44' title='bbox 1326 994 1382 1031; x_wconf 90' lang='lat' dir='ltr'><em>ue-</em></span> 
     </span>
     <span class='ocr_line' id='line_1_7' title="bbox 278 1056 1382 1139; baseline -0.004 -21"><span class='ocrx_word' id='word_1_45' title='bbox 278 1070 378 1118; x_wconf 85' lang='lat' dir='ltr'><em>catur:</em></span> <span class='ocrx_word' id='word_1_46' title='bbox 401 1056 485 1117; x_wconf 84' lang='lat' dir='ltr'><em>addit</em></span> <span class='ocrx_word' id='word_1_47' title='bbox 505 1061 700 1118; x_wconf 71' lang='lat' dir='ltr'><em>Marcellinus</em></span> <span class='ocrx_word' id='word_1_48' title='bbox 721 1078 843 1118; x_wconf 88' lang='lat' dir='ltr'><em>causam</em></span> <span class='ocrx_word' id='word_1_49' title='bbox 864 1057 998 1118; x_wconf 86' lang='lat' dir='ltr'><em>haeresis</em></span> <span class='ocrx_word' id='word_1_50' title='bbox 1011 1058 1267 1134; x_wconf 79' lang='lat' dir='ltr'><strong>Manichaeorum,</strong></span> <span class='ocrx_word' id='word_1_51' title='bbox 1289 1079 1382 1139; x_wconf 84' lang='lat' dir='ltr'><em>quare</em></span> 
     </span>
     <span class='ocr_line' id='line_1_8' title="bbox 276 1138 1383 1225; baseline -0.006 -19"><span class='ocrx_word' id='word_1_52' title='bbox 276 1138 427 1223; x_wconf 67' lang='lat' dir='ltr'><em>circipene</em></span> <span class='ocrx_word' id='word_1_53' title='bbox 447 1146 504 1223; x_wconf 74' lang='grc' dir='ltr'><em>τῆς</em></span> <span class='ocrx_word' id='word_1_54' title='bbox 524 1141 661 1223; x_wconf 72' lang='grc' dir='ltr'><em>τριάδος,</em></span> <span class='ocrx_word' id='word_1_55' title='bbox 691 1143 811 1202; x_wconf 84' lang='lat' dir='ltr'><em>rebellis</em></span> <span class='ocrx_word' id='word_1_56' title='bbox 838 1147 991 1202; x_wconf 69' lang='lat' dir='ltr'><em>trinitatis</em></span> <span class='ocrx_word' id='word_1_57' title='bbox 1012 1163 1029 1202; x_wconf 92' lang='lat' dir='ltr'><em>a</em></span> <span class='ocrx_word' id='word_1_58' title='bbox 1050 1146 1154 1225; x_wconf 83' lang='lat' dir='ltr'><em>Tyriis</em></span> <span class='ocrx_word' id='word_1_59' title='bbox 1174 1156 1296 1203; x_wconf 85' lang='lat' dir='ltr'><em>vocatus</em></span> <span class='ocrx_word' id='word_1_60' title='bbox 1326 1154 1383 1216; x_wconf 88' lang='lat' dir='ltr'><em>est,</em></span> 
     </span>
     <span class='ocr_line' id='line_1_9' title="bbox 275 1226 1382 1308; baseline -0.002 -22"><span class='ocrx_word' id='word_1_61' title='bbox 275 1239 305 1286; x_wconf 89' lang='lat' dir='ltr'><em>et</em></span> <span class='ocrx_word' id='word_1_62' title='bbox 325 1248 344 1286; x_wconf 90' lang='lat' dir='ltr'><em>a</em></span> <span class='ocrx_word' id='word_1_63' title='bbox 364 1229 519 1308; x_wconf 76' lang='lat' dir='ltr'><em>Byzantiis</em></span> <span class='ocrx_word' id='word_1_64' title='bbox 540 1230 691 1287; x_wconf 79' lang='lat' dir='ltr'><em>Zammac</em></span> <span class='ocrx_word' id='word_1_65' title='bbox 712 1230 750 1287; x_wconf 91' lang='lat' dir='ltr'><em>ab</em></span> <span class='ocrx_word' id='word_1_66' title='bbox 778 1230 890 1307; x_wconf 87' lang='lat' dir='ltr'><em>insigni</em></span> <span class='ocrx_word' id='word_1_67' title='bbox 914 1226 1093 1287; x_wconf 84' lang='lat' dir='ltr'><em>Manichaeo</em></span> <span class='ocrx_word' id='word_1_68' title='bbox 1123 1228 1259 1288; x_wconf 88' lang='lat' dir='ltr'><em>eiusdem</em></span> <span class='ocrx_word' id='word_1_69' title='bbox 1281 1231 1382 1286; x_wconf 90' lang='lat' dir='ltr'><em>nomi-</em></span> 
     </span>
     <span class='ocr_line' id='line_1_10' title="bbox 274 1312 1383 1393; baseline 0 -23"><span class='ocrx_word' id='word_1_70' title='bbox 274 1315 340 1371; x_wconf 84' lang='lat' dir='ltr'><em>nis:</em></span> <span class='ocrx_word' id='word_1_71' title='bbox 370 1315 534 1392; x_wconf 86' lang='lat' dir='ltr'><em>Procopius</em></span> <span class='ocrx_word' id='word_1_72' title='bbox 561 1316 703 1372; x_wconf 88' lang='lat' dir='ltr'><em>iniuriam</em></span> <span class='ocrx_word' id='word_1_73' title='bbox 728 1314 846 1372; x_wconf 87' lang='lat' dir='ltr'><em>illatam</em></span> <span class='ocrx_word' id='word_1_74' title='bbox 872 1316 979 1372; x_wconf 88' lang='lat' dir='ltr'><em>loanni</em></span> <span class='ocrx_word' id='word_1_75' title='bbox 1012 1312 1216 1393; x_wconf 80' lang='lat' dir='ltr'><em>patriarclsae3</em></span> <span class='ocrx_word' id='word_1_76' title='bbox 1249 1314 1383 1373; x_wconf 75' lang='lat' dir='ltr'><em>fortassis</em></span> 
     </span>
     <span class='ocr_line' id='line_1_11' title="bbox 275 1397 1383 1478; baseline -0.003 -22"><span class='ocrx_word' id='word_1_77' title='bbox 275 1400 394 1456; x_wconf 80' lang='lat' dir='ltr'><em>occasio</em></span> <span class='ocrx_word' id='word_1_78' title='bbox 423 1401 507 1458; x_wconf 88' lang='lat' dir='ltr'><em>necis</em></span> <span class='ocrx_word' id='word_1_79' title='bbox 533 1409 652 1478; x_wconf 88' lang='lat' dir='ltr'><em>captata</em></span> <span class='ocrx_word' id='word_1_80' title='bbox 680 1397 752 1457; x_wconf 87' lang='lat' dir='ltr'><em>hinc</em></span> <span class='ocrx_word' id='word_1_81' title='bbox 779 1409 835 1458; x_wconf 87' lang='lat' dir='ltr'><em>est.</em></span> <span class='ocrx_word' id='word_1_82' title='bbox 884 1401 982 1458; x_wconf 84' lang='lat' dir='ltr'><em>Huius</em></span> <span class='ocrx_word' id='word_1_83' title='bbox 1011 1401 1147 1457; x_wconf 81' lang='lat' dir='ltr'><em>Amantii</em></span> <span class='ocrx_word' id='word_1_84' title='bbox 1172 1398 1281 1459; x_wconf 75' lang='lat' dir='ltr'><em>donnus</em></span> <span class='ocrx_word' id='word_1_85' title='bbox 1309 1407 1383 1472; x_wconf 87' lang='lat' dir='ltr'><em>erat,</em></span> 
     </span>
     <span class='ocr_line' id='line_1_12' title="bbox 275 1480 1384 1563; baseline 0 -24"><span class='ocrx_word' id='word_1_86' title='bbox 275 1501 356 1562; x_wconf 88' lang='lat' dir='ltr'><em>quae</em></span> <span class='ocrx_word' id='word_1_87' title='bbox 383 1480 494 1540; x_wconf 85' lang='lat' dir='ltr'><em>deinde</em></span> <span class='ocrx_word' id='word_1_88' title='bbox 522 1486 618 1541; x_wconf 87' lang='lat' dir='ltr'><em>sancti</em></span> <span class='ocrx_word' id='word_1_89' title='bbox 637 1481 777 1542; x_wconf 84' lang='lat' dir='ltr'><em>Thomas</em></span> <span class='ocrx_word' id='word_1_90' title='bbox 805 1485 932 1542; x_wconf 88' lang='lat' dir='ltr'><em>ecclesia</em></span> <span class='ocrx_word' id='word_1_91' title='bbox 963 1483 1021 1542; x_wconf 88' lang='lat' dir='ltr'><em>fnit</em></span> <span class='ocrx_word' id='word_1_92' title='bbox 1042 1484 1317 1563; x_wconf 81' lang='lat' dir='ltr'><em>Corrstautinopoli‚</em></span> <span class='ocrx_word' id='word_1_93' title='bbox 1350 1491 1384 1539; x_wconf 88' lang='lat' dir='ltr'><em>ut</em></span> 
     </span>
     <span class='ocr_line' id='line_1_13' title="bbox 275 1565 1384 1647; baseline -0.003 -22"><span class='ocrx_word' id='word_1_94' title='bbox 275 1577 323 1625; x_wconf 90' lang='lat' dir='ltr'><em>est</em></span> <span class='ocrx_word' id='word_1_95' title='bbox 351 1565 432 1647; x_wconf 86' lang='lat' dir='ltr'><em>apud</em></span> <span class='ocrx_word' id='word_1_96' title='bbox 455 1577 593 1626; x_wconf 87' lang='lat' dir='ltr'><em>autorem</em></span> <span class='ocrx_word' id='word_1_97' title='bbox 620 1570 772 1645; x_wconf 89' lang='lat' dir='ltr'><em>originum</em></span> <span class='ocrx_word' id='word_1_98' title='bbox 793 1569 852 1627; x_wconf 79' lang='lat' dir='ltr'><em>GP.</em></span> <span class='ocrx_word' id='word_1_99' title='bbox 875 1580 904 1627; x_wconf 92' lang='lat' dir='ltr'><em>et</em></span> <span class='ocrx_word' id='word_1_100' title='bbox 925 1570 1058 1628; x_wconf 76' lang='lat' dir='ltr'><em>Zonaras</em></span> <span class='ocrx_word' id='word_1_101' title='bbox 1083 1570 1250 1628; x_wconf 87' lang='lat' dir='ltr'><em>confirmat.</em></span> <span class='ocrx_word' id='word_1_102' title='bbox 1293 1570 1384 1628; x_wconf 78' lang='lat' dir='ltr'><em>Anti-</em></span> 
     </span>
     <span class='ocr_line' id='line_1_14' title="bbox 274 1649 1383 1731; baseline -0.001 -22"><span class='ocrx_word' id='word_1_103' title='bbox 274 1671 336 1731; x_wconf 84' lang='lat' dir='ltr'><em>qua</em></span> <span class='ocrx_word' id='word_1_104' title='bbox 365 1663 468 1711; x_wconf 80' lang='lat' dir='ltr'><em>tornea</em></span> <span class='ocrx_word' id='word_1_105' title='bbox 496 1654 650 1731; x_wconf 77' lang='lat' dir='ltr'><em>inscriptio</em></span> <span class='ocrx_word' id='word_1_106' title='bbox 671 1653 760 1711; x_wconf 90' lang='lat' dir='ltr'><em>Pauli</em></span> <span class='ocrx_word' id='word_1_107' title='bbox 779 1649 946 1711; x_wconf 86' lang='lat' dir='ltr'><em>Silentiarii</em></span> <span class='ocrx_word' id='word_1_108' title='bbox 975 1653 1015 1712; x_wconf 87' lang='lat' dir='ltr'><em>ad</em></span> <span class='ocrx_word' id='word_1_109' title='bbox 1042 1652 1167 1713; x_wconf 89' lang='lat' dir='ltr'><em>domum</em></span> <span class='ocrx_word' id='word_1_110' title='bbox 1194 1673 1282 1714; x_wconf 83' lang='lat' dir='ltr'><em>suasu</em></span> <span class='ocrx_word' id='word_1_111' title='bbox 1305 1663 1383 1710; x_wconf 85' lang='lat' dir='ltr'><em>tern-</em></span> 
     </span>
     <span class='ocr_line' id='line_1_15' title="bbox 273 1735 912 1816; baseline 0.003 -22"><span class='ocrx_word' id='word_1_112' title='bbox 273 1738 361 1816; x_wconf 87' lang='lat' dir='ltr'><em>plum</em></span> <span class='ocrx_word' id='word_1_113' title='bbox 381 1735 557 1796; x_wconf 82' lang='lat' dir='ltr'><em>aedificasse</em></span> <span class='ocrx_word' id='word_1_114' title='bbox 577 1739 753 1796; x_wconf 87' lang='lat' dir='ltr'><em>Amantium</em></span> <span class='ocrx_word' id='word_1_115' title='bbox 775 1747 912 1796; x_wconf 87' lang='lat' dir='ltr'><em>testatur.</em></span> 
     </span>
     <span class='ocr_line' id='line_1_16' title="bbox 363 1815 1215 1905; baseline -0.001 -20"><span class='ocrx_word' id='word_1_116' title='bbox 363 1816 460 1885; x_wconf 79' lang='grc' dir='ltr'><strong>Τόνδε</strong></span> <span class='ocrx_word' id='word_1_117' title='bbox 478 1826 547 1905; x_wconf 75' lang='grc' dir='ltr'><em>θεῷ</em></span> <span class='ocrx_word' id='word_1_118' title='bbox 565 1816 660 1900; x_wconf 69' lang='lat' dir='ltr'><em>siner</em></span> <span class='ocrx_word' id='word_1_119' title='bbox 679 1816 765 1885; x_wconf 80' lang='grc' dir='ltr'><strong>οἶτον</strong></span> <span class='ocrx_word' id='word_1_120' title='bbox 786 1815 926 1902; x_wconf 81' lang='grc' dir='ltr'><strong>Ἀμόντιε</strong></span> <span class='ocrx_word' id='word_1_121' title='bbox 947 1815 1079 1900; x_wconf 79' lang='grc' dir='ltr'><strong><em>μεσσόθι</em></strong></span> <span class='ocrx_word' id='word_1_122' title='bbox 1098 1816 1215 1886; x_wconf 80' lang='grc' dir='ltr'><strong>πόντου</strong></span> 
     </span>
     <span class='ocr_line' id='line_1_17' title="bbox 406 1901 1069 1988; baseline 0.009 -22"><span class='ocrx_word' id='word_1_123' title='bbox 406 1910 477 1977; x_wconf 81' lang='grc' dir='ltr'><strong>Τοῖς</strong></span> <span class='ocrx_word' id='word_1_124' title='bbox 497 1902 709 1983; x_wconf 74' lang='grc' dir='ltr'><strong>τολυδινήτοας</strong></span> <span class='ocrx_word' id='word_1_125' title='bbox 729 1901 844 1985; x_wconf 77' lang='grc' dir='ltr'><strong>νόμοισι</strong></span> <span class='ocrx_word' id='word_1_126' title='bbox 865 1901 1069 1988; x_wconf 76' lang='grc' dir='ltr'><em>μαρνάμενον.</em></span> 
     </span>
     <span class='ocr_line' id='line_1_18' title="bbox 359 1982 1157 2069; baseline 0 -17"><span class='ocrx_word' id='word_1_127' title='bbox 359 1982 410 2052; x_wconf 77' lang='lat' dir='ltr'><em>Oi</em></span> <span class='ocrx_word' id='word_1_128' title='bbox 430 1982 536 2063; x_wconf 78' lang='lat' dir='ltr'><em>sirac,</em></span> <span class='ocrx_word' id='word_1_129' title='bbox 557 1982 596 2050; x_wconf 83' lang='lat' dir='ltr'><em>ori</em></span> <span class='ocrx_word' id='word_1_130' title='bbox 617 1985 727 2069; x_wconf 75' lang='grc' dir='ltr'><strong>βορέης</strong></span> <span class='ocrx_word' id='word_1_131' title='bbox 746 1985 832 2068; x_wconf 77' lang='grc' dir='ltr'><strong>ἱερόν</strong></span> <span class='ocrx_word' id='word_1_132' title='bbox 854 1987 904 2050; x_wconf 78' lang='grc' dir='ltr'><em>σέο</em></span> <span class='ocrx_word' id='word_1_133' title='bbox 925 1990 1012 2067; x_wconf 76' lang='grc' dir='ltr'><strong>δῶμα</strong></span> <span class='ocrx_word' id='word_1_134' title='bbox 1033 1983 1157 2066; x_wconf 61' lang='lat' dir='ltr'><em>seviter,</em></span> 
     </span>
     <span class='ocr_line' id='line_1_19' title="bbox 403 2064 1017 2154; baseline -0.005 -19"><span class='ocrx_word' id='word_1_135' title='bbox 403 2076 483 2154; x_wconf 78' lang='grc' dir='ltr'><strong>Νηςό</strong></span> <span class='ocrx_word' id='word_1_136' title='bbox 501 2075 654 2152; x_wconf 76' lang='grc' dir='ltr'><strong><em>θεσπεσίῳ</em></strong></span> <span class='ocrx_word' id='word_1_137' title='bbox 675 2073 752 2154; x_wconf 75' lang='grc' dir='ltr'><em>τῷδε</em></span> <span class='ocrx_word' id='word_1_138' title='bbox 774 2064 1017 2151; x_wconf 77' lang='grc' dir='ltr'><strong>φυλασσόμενον.</strong></span> 
     </span>
     <span class='ocr_line' id='line_1_20' title="bbox 359 2150 1163 2243; baseline -0.001 -24"><span class='ocrx_word' id='word_1_139' title='bbox 359 2153 459 2243; x_wconf 71' lang='grc' dir='ltr'><strong>Ζςόοις</strong></span> <span class='ocrx_word' id='word_1_140' title='bbox 478 2152 580 2237; x_wconf 80' lang='grc' dir='ltr'><strong>ἤματα</strong></span> <span class='ocrx_word' id='word_1_141' title='bbox 596 2150 710 2218; x_wconf 72' lang='lat' dir='ltr'><em>motii·</em></span> <span class='ocrx_word' id='word_1_142' title='bbox 732 2152 772 2218; x_wconf 79' lang='lat' dir='ltr'><em>ori</em></span> <span class='ocrx_word' id='word_1_143' title='bbox 792 2152 849 2238; x_wconf 76' lang='lat' dir='ltr'><em>yeip</em></span> <span class='ocrx_word' id='word_1_144' title='bbox 871 2154 1024 2236; x_wconf 76' lang='grc' dir='ltr'><em>νεοθηλέα</em></span> <span class='ocrx_word' id='word_1_145' title='bbox 1043 2150 1163 2237; x_wconf 81' lang='grc' dir='ltr'><strong>Ῥόμην</strong></span> 
     </span>
     <span class='ocr_line' id='line_1_21' title="bbox 400 2232 1015 2324; baseline 0 -22"><span class='ocrx_word' id='word_1_146' title='bbox 400 2235 512 2324; x_wconf 80' lang='grc' dir='ltr'><strong>Πόντῳ</strong></span> <span class='ocrx_word' id='word_1_147' title='bbox 532 2239 658 2316; x_wconf 70' lang='grc' dir='ltr'><em>ἐπαΐξας</em></span> <span class='ocrx_word' id='word_1_148' title='bbox 677 2232 783 2319; x_wconf 49' lang='lat' dir='ltr'><em>&amp;aaa</em></span> <span class='ocrx_word' id='word_1_149' title='bbox 804 2239 1015 2321; x_wconf 74' lang='grc' dir='ltr'><strong>φαιδροτὲρην.</strong></span> 
     </span>
     <span class='ocr_line' id='line_1_22' title="bbox 356 2319 1383 2405; baseline -0.007 -20"><span class='ocrx_word' id='word_1_150' title='bbox 356 2328 392 2385; x_wconf 79' lang='grc' dir='ltr'><em>Ρ.</em></span> <span class='ocrx_word' id='word_1_151' title='bbox 414 2326 473 2400; x_wconf 79' lang='grc'><em>46,</em></span> <span class='ocrx_word' id='word_1_152' title='bbox 497 2329 549 2390; x_wconf 82' lang='grc'><em>13.</em></span> <span class='ocrx_word' id='word_1_153' title='bbox 593 2325 629 2404; x_wconf 74' lang='lat' dir='ltr'><em>{n</em></span> <span class='ocrx_word' id='word_1_154' title='bbox 657 2325 801 2383; x_wconf 89' lang='lat' dir='ltr'><em>Ioannem</em></span> <span class='ocrx_word' id='word_1_155' title='bbox 828 2324 916 2384; x_wconf 87' lang='lat' dir='ltr'><em>urbis</em></span> <span class='ocrx_word' id='word_1_156' title='bbox 947 2322 1135 2405; x_wconf 81' lang='lat' dir='ltr'><em>antistitem]</em></span> <span class='ocrx_word' id='word_1_157' title='bbox 1174 2323 1271 2396; x_wconf 77' lang='lat' dir='ltr'><em>stesu</em></span> <span class='ocrx_word' id='word_1_158' title='bbox 1301 2319 1383 2401; x_wconf 83' lang='lat' dir='ltr'><em>quod</em></span> 
     </span>
     <span class='ocr_line' id='line_1_23' title="bbox 269 2407 1383 2492; baseline -0.007 -22"><span class='ocrx_word' id='word_1_159' title='bbox 269 2412 437 2492; x_wconf 88' lang='lat' dir='ltr'><em>plurimum</em></span> <span class='ocrx_word' id='word_1_160' title='bbox 457 2410 650 2484; x_wconf 84' lang='lat' dir='ltr'><em>lastinianus,</em></span> <span class='ocrx_word' id='word_1_161' title='bbox 674 2419 707 2468; x_wconf 89' lang='lat' dir='ltr'><em>ut</em></span> <span class='ocrx_word' id='word_1_162' title='bbox 727 2407 779 2468; x_wconf 91' lang='lat' dir='ltr'><em>hic</em></span> <span class='ocrx_word' id='word_1_163' title='bbox 799 2409 895 2486; x_wconf 80' lang='lat' dir='ltr'><em>rides,</em></span> <span class='ocrx_word' id='word_1_164' title='bbox 917 2410 1048 2484; x_wconf 89' lang='lat' dir='ltr'><em>amabat,</em></span> <span class='ocrx_word' id='word_1_165' title='bbox 1068 2409 1249 2468; x_wconf 77' lang='lat' dir='ltr'><em>oecumenici</em></span> <span class='ocrx_word' id='word_1_166' title='bbox 1270 2425 1383 2465; x_wconf 91' lang='lat' dir='ltr'><em>nomeu</em></span> 
     </span>
     <span class='ocr_line' id='line_1_24' title="bbox 178 2493 1382 2575; baseline -0.007 -19"><span class='ocrx_word' id='word_1_167' title='bbox 178 2507 203 2556; x_wconf 77' lang='lat' dir='ltr'>A</span> <span class='ocrx_word' id='word_1_168' title='bbox 220 2500 257 2556; x_wconf 73' lang='lat'><em>28</em></span> <span class='ocrx_word' id='word_1_169' title='bbox 272 2502 347 2556; x_wconf 85' lang='lat' dir='ltr'><em>tunc</em></span> <span class='ocrx_word' id='word_1_170' title='bbox 366 2498 500 2575; x_wconf 89' lang='lat' dir='ltr'><em>primum</em></span> <span class='ocrx_word' id='word_1_171' title='bbox 520 2495 578 2554; x_wconf 89' lang='lat' dir='ltr'><em>sibi</em></span> <span class='ocrx_word' id='word_1_172' title='bbox 600 2505 791 2573; x_wconf 83' lang='lat' dir='ltr'><em>arrogantem</em></span> <span class='ocrx_word' id='word_1_173' title='bbox 816 2514 879 2555; x_wconf 88' lang='lat' dir='ltr'><em>nou</em></span> <span class='ocrx_word' id='word_1_174' title='bbox 906 2496 1107 2574; x_wconf 77' lang='lat' dir='ltr'><em>compescuit,</em></span> <span class='ocrx_word' id='word_1_175' title='bbox 1136 2502 1171 2553; x_wconf 89' lang='lat' dir='ltr'><em>ut</em></span> <span class='ocrx_word' id='word_1_176' title='bbox 1198 2495 1232 2551; x_wconf 90' lang='lat' dir='ltr'><em>in</em></span> <span class='ocrx_word' id='word_1_177' title='bbox 1261 2493 1382 2572; x_wconf 74' lang='lat' dir='ltr'><em>praela·</em></span> 
     </span>
     <span class='ocr_line' id='line_1_25' title="bbox 270 2575 1553 2660; baseline -0.007 -19"><span class='ocrx_word' id='word_1_178' title='bbox 270 2585 353 2641; x_wconf 89' lang='lat' dir='ltr'><em>tione</em></span> <span class='ocrx_word' id='word_1_179' title='bbox 381 2579 527 2640; x_wconf 80' lang='lat' dir='ltr'><em>dlximus.</em></span> <span class='ocrx_word' id='word_1_180' title='bbox 570 2581 648 2638; x_wconf 81' lang='lat' dir='ltr'><em>Cum</em></span> <span class='ocrx_word' id='word_1_181' title='bbox 674 2578 725 2638; x_wconf 88' lang='lat' dir='ltr'><em>hic</em></span> <span class='ocrx_word' id='word_1_182' title='bbox 751 2580 843 2639; x_wconf 86' lang='lat' dir='ltr'><em>fuerit</em></span> <span class='ocrx_word' id='word_1_183' title='bbox 870 2579 1052 2660; x_wconf 80' lang='lat' dir='ltr'><em>Cappadox,</em></span> <span class='ocrx_word' id='word_1_184' title='bbox 1080 2599 1099 2637; x_wconf 91' lang='lat' dir='ltr'><em>a</em></span> <span class='ocrx_word' id='word_1_185' title='bbox 1124 2579 1279 2638; x_wconf 85' lang='lat' dir='ltr'><em>nonnullis</em></span> <span class='ocrx_word' id='word_1_186' title='bbox 1308 2595 1381 2635; x_wconf 88' lang='lat' dir='ltr'><em>can-</em></span> <span class='ocrx_word' id='word_1_187' title='bbox 1552 2575 1553 2578; x_wconf 67' lang='grc'>’</span> 
     </span>
     <span class='ocr_line' id='line_1_26' title="bbox 271 2659 1382 2744; baseline -0.008 -18"><span class='ocrx_word' id='word_1_188' title='bbox 271 2665 409 2726; x_wconf 79' lang='lat' dir='ltr'><em>tunditur</em></span> <span class='ocrx_word' id='word_1_189' title='bbox 436 2685 506 2723; x_wconf 88' lang='lat' dir='ltr'><em>cum</em></span> <span class='ocrx_word' id='word_1_190' title='bbox 535 2665 597 2724; x_wconf 89' lang='lat' dir='ltr'><em>alic</em></span> <span class='ocrx_word' id='word_1_191' title='bbox 628 2663 766 2724; x_wconf 86' lang='lat' dir='ltr'><em>eiusdem</em></span> <span class='ocrx_word' id='word_1_192' title='bbox 797 2667 976 2744; x_wconf 83' lang='lat' dir='ltr'><em>cognomine</em></span> <span class='ocrx_word' id='word_1_193' title='bbox 1005 2675 1036 2724; x_wconf 91' lang='lat' dir='ltr'><em>et</em></span> <span class='ocrx_word' id='word_1_194' title='bbox 1068 2665 1211 2738; x_wconf 76' lang='lat' dir='ltr'><em>concive3</em></span> <span class='ocrx_word' id='word_1_195' title='bbox 1244 2661 1299 2720; x_wconf 84' lang='lat' dir='ltr'><em>sed</em></span> <span class='ocrx_word' id='word_1_196' title='bbox 1331 2659 1382 2718; x_wconf 81' lang='lat' dir='ltr'><em>hic</em></span> 
     </span>
     <span class='ocr_line' id='line_1_27' title="bbox 270 2747 1381 2833; baseline -0.006 -24"><span class='ocrx_word' id='word_1_197' title='bbox 270 2751 426 2833; x_wconf 84' lang='lat' dir='ltr'><em>presbyter</em></span> <span class='ocrx_word' id='word_1_198' title='bbox 446 2751 506 2809; x_wconf 87' lang='lat' dir='ltr'><em>fuit</em></span> <span class='ocrx_word' id='word_1_199' title='bbox 527 2749 893 2830; x_wconf 75' lang='lat' dir='ltr'><em>constantinopolitanus,</em></span> <span class='ocrx_word' id='word_1_200' title='bbox 924 2760 959 2809; x_wconf 89' lang='lat' dir='ltr'><em>ut</em></span> <span class='ocrx_word' id='word_1_201' title='bbox 979 2747 1185 2828; x_wconf 86' lang='lat' dir='ltr'><em>Theophanes</em></span> <span class='ocrx_word' id='word_1_202' title='bbox 1206 2758 1323 2819; x_wconf 86' lang='lat' dir='ltr'><em>narrat,</em></span> <span class='ocrx_word' id='word_1_203' title='bbox 1351 2755 1381 2803; x_wconf 85' lang='lat' dir='ltr'><em>et</em></span> 
     </span>
     <span class='ocr_line' id='line_1_28' title="bbox 269 2833 1381 2915; baseline -0.006 -18"><span class='ocrx_word' id='word_1_204' title='bbox 269 2833 429 2897; x_wconf 78' lang='lat' dir='ltr'><em>TImothei</em></span> <span class='ocrx_word' id='word_1_205' title='bbox 449 2833 637 2915; x_wconf 85' lang='lat' dir='ltr'><em>patriarchae</em></span> <span class='ocrx_word' id='word_1_206' title='bbox 658 2837 835 2914; x_wconf 87' lang='lat' dir='ltr'><em>Syncellns,</em></span> <span class='ocrx_word' id='word_1_207' title='bbox 865 2847 894 2894; x_wconf 86' lang='lat' dir='ltr'><em>et</em></span> <span class='ocrx_word' id='word_1_208' title='bbox 920 2854 1001 2895; x_wconf 87' lang='lat' dir='ltr'><em>anuo</em></span> <span class='ocrx_word' id='word_1_209' title='bbox 1022 2836 1182 2894; x_wconf 87' lang='lat' dir='ltr'><em>Iustiniani</em></span> <span class='ocrx_word' id='word_1_210' title='bbox 1202 2836 1290 2892; x_wconf 87' lang='lat' dir='ltr'><em>tertio</em></span> <span class='ocrx_word' id='word_1_211' title='bbox 1313 2849 1381 2892; x_wconf 85' lang='lat' dir='ltr'><em>mo-</em></span> 
     </span>
     <span class='ocr_line' id='line_1_29' title="bbox 270 2917 1381 3001; baseline -0.008 -20"><span class='ocrx_word' id='word_1_212' title='bbox 270 2924 365 2995; x_wconf 81' lang='lat' dir='ltr'><em>ritur3</em></span> <span class='ocrx_word' id='word_1_213' title='bbox 394 2921 472 2979; x_wconf 89' lang='lat' dir='ltr'><em>alter</em></span> <span class='ocrx_word' id='word_1_214' title='bbox 492 2940 565 2980; x_wconf 79' lang='lat' dir='ltr'><em>vero</em></span> <span class='ocrx_word' id='word_1_215' title='bbox 586 2924 713 2980; x_wconf 89' lang='lat' dir='ltr'><em>loannes</em></span> <span class='ocrx_word' id='word_1_216' title='bbox 734 2917 900 3001; x_wconf 79' lang='lat' dir='ltr'><em>Cappadox</em></span> <span class='ocrx_word' id='word_1_217' title='bbox 922 2922 1066 2999; x_wconf 85' lang='lat' dir='ltr'><em>praetorii</em></span> <span class='ocrx_word' id='word_1_218' title='bbox 1086 2920 1309 2999; x_wconf 80' lang='lat' dir='ltr'><em>praefecturam</em></span> <span class='ocrx_word' id='word_1_219' title='bbox 1330 2935 1381 2972; x_wconf 88' lang='lat' dir='ltr'><em>ce-</em></span> 
     </span>
     <span class='ocr_line' id='line_1_30' title="bbox 269 3001 1381 3087; baseline -0.006 -24"><span class='ocrx_word' id='word_1_220' title='bbox 269 3008 316 3087; x_wconf 91' lang='lat' dir='ltr'><em>pit</em></span> <span class='ocrx_word' id='word_1_221' title='bbox 335 3006 469 3085; x_wconf 88' lang='lat' dir='ltr'><em>primum</em></span> <span class='ocrx_word' id='word_1_222' title='bbox 495 3007 552 3065; x_wconf 85' lang='lat' dir='ltr'><em>snb</em></span> <span class='ocrx_word' id='word_1_223' title='bbox 573 3008 758 3080; x_wconf 83' lang='lat' dir='ltr'><em>iustissian03</em></span> <span class='ocrx_word' id='word_1_224' title='bbox 786 3024 860 3064; x_wconf 87' lang='lat' dir='ltr'><em>nam</em></span> <span class='ocrx_word' id='word_1_225' title='bbox 886 3001 1077 3064; x_wconf 87' lang='lat' dir='ltr'><em>sub&#39;lustino</em></span> <span class='ocrx_word' id='word_1_226' title='bbox 1107 3023 1175 3061; x_wconf 85' lang='lat' dir='ltr'><em>earu</em></span> <span class='ocrx_word' id='word_1_227' title='bbox 1198 3005 1293 3080; x_wconf 84' lang='lat' dir='ltr'><em>gessit</em></span> <span class='ocrx_word' id='word_1_228' title='bbox 1313 3003 1381 3059; x_wconf 83' lang='lat' dir='ltr'><em>Ma-</em></span> 
     </span>
     <span class='ocr_line' id='line_1_31' title="bbox 269 3084 1380 3170; baseline -0.007 -20"><span class='ocrx_word' id='word_1_229' title='bbox 269 3095 364 3166; x_wconf 87' lang='lat' dir='ltr'><em>rinus,</em></span> <span class='ocrx_word' id='word_1_230' title='bbox 388 3089 459 3149; x_wconf 90' lang='lat' dir='ltr'><em>dein</em></span> <span class='ocrx_word' id='word_1_231' title='bbox 474 3092 596 3168; x_wconf 84' lang='lat' dir='ltr'><em>Appion</em></span> <span class='ocrx_word' id='word_1_232' title='bbox 616 3092 771 3169; x_wconf 87' lang='lat' dir='ltr'><em>patricius,</em></span> <span class='ocrx_word' id='word_1_233' title='bbox 794 3100 824 3148; x_wconf 90' lang='lat' dir='ltr'><em>et</em></span> <span class='ocrx_word' id='word_1_234' title='bbox 845 3091 906 3162; x_wconf 86' lang='lat' dir='ltr'><em>alii,</em></span> <span class='ocrx_word' id='word_1_235' title='bbox 930 3109 1007 3170; x_wconf 88' lang='lat' dir='ltr'><em>quos</em></span> <span class='ocrx_word' id='word_1_236' title='bbox 1028 3087 1098 3148; x_wconf 79' lang='lat' dir='ltr'><em>virle</em></span> <span class='ocrx_word' id='word_1_237' title='bbox 1118 3089 1198 3146; x_wconf 85' lang='lat' dir='ltr'><em>infra</em></span> <span class='ocrx_word' id='word_1_238' title='bbox 1218 3084 1258 3145; x_wconf 87' lang='lat' dir='ltr'><em>ad</em></span> <span class='ocrx_word' id='word_1_239' title='bbox 1278 3108 1310 3165; x_wconf 87' lang='lat' dir='ltr'><em>p.</em></span> <span class='ocrx_word' id='word_1_240' title='bbox 1326 3088 1380 3152; x_wconf 76' lang='lat'><em>92.</em></span> 
     </span>
     <span class='ocr_line' id='line_1_32' title="bbox 355 3173 1379 3254; baseline -0.005 -20"><span class='ocrx_word' id='word_1_241' title='bbox 355 3177 392 3234; x_wconf 80' lang='grc' dir='ltr'><em>Ρ.</em></span> <span class='ocrx_word' id='word_1_242' title='bbox 413 3175 466 3247; x_wconf 79' lang='grc'><em>16,</em></span> <span class='ocrx_word' id='word_1_243' title='bbox 489 3175 541 3236; x_wconf 83' lang='lat'><em>15.</em></span> <span class='ocrx_word' id='word_1_244' title='bbox 588 3175 787 3234; x_wconf 83' lang='lat' dir='ltr'><em>Vitalianum</em></span> <span class='ocrx_word' id='word_1_245' title='bbox 810 3173 1004 3254; x_wconf 55' lang='lat' dir='ltr'><em>Tyrannum]</em></span> <span class='ocrx_word' id='word_1_246' title='bbox 1027 3177 1207 3232; x_wconf 88' lang='lat' dir='ltr'><em>Numeratur</em></span> <span class='ocrx_word' id='word_1_247' title='bbox 1227 3192 1245 3230; x_wconf 86' lang='lat' dir='ltr'><em>a</em></span> <span class='ocrx_word' id='word_1_248' title='bbox 1267 3174 1379 3230; x_wconf 87' lang='lat' dir='ltr'><em>Proco-</em></span> 
     </span>
     <span class='ocr_line' id='line_1_33' title="bbox 270 3257 1378 3339; baseline -0.004 -23"><span class='ocrx_word' id='word_1_249' title='bbox 270 3261 323 3339; x_wconf 87' lang='lat' dir='ltr'><em>pio</em></span> <span class='ocrx_word' id='word_1_250' title='bbox 343 3259 366 3317; x_wconf 89' lang='lat' dir='ltr'><em>l.</em></span> <span class='ocrx_word' id='word_1_251' title='bbox 386 3263 402 3322; x_wconf 90' lang='lat'>1</span> <span class='ocrx_word' id='word_1_252' title='bbox 424 3259 497 3317; x_wconf 89' lang='lat' dir='ltr'><em>bell.</em></span> <span class='ocrx_word' id='word_1_253' title='bbox 518 3260 602 3318; x_wconf 88' lang='lat' dir='ltr'><em>Pers.</em></span> <span class='ocrx_word' id='word_1_254' title='bbox 624 3263 703 3318; x_wconf 89' lang='lat' dir='ltr'><em>inter</em></span> <span class='ocrx_word' id='word_1_255' title='bbox 722 3258 814 3318; x_wconf 88' lang='lat' dir='ltr'><em>duces</em></span> <span class='ocrx_word' id='word_1_256' title='bbox 835 3262 985 3318; x_wconf 86' lang='lat' dir='ltr'><em>exercitus</em></span> <span class='ocrx_word' id='word_1_257' title='bbox 1006 3260 1157 3318; x_wconf 82' lang='lat' dir='ltr'><em>Anastasii</em></span> <span class='ocrx_word' id='word_1_258' title='bbox 1179 3257 1378 3337; x_wconf 85' lang='lat' dir='ltr'><em>imperatoris,</em></span> 
     </span>
     <span class='ocr_line' id='line_1_34' title="bbox 270 3337 1379 3424; baseline -0.004 -24"><span class='ocrx_word' id='word_1_259' title='bbox 270 3342 414 3402; x_wconf 81' lang='lat' dir='ltr'><em>adversus</em></span> <span class='ocrx_word' id='word_1_260' title='bbox 442 3364 534 3424; x_wconf 85' lang='lat' dir='ltr'><em>quern</em></span> <span class='ocrx_word' id='word_1_261' title='bbox 563 3342 672 3402; x_wconf 87' lang='lat' dir='ltr'><em>deinde</em></span> <span class='ocrx_word' id='word_1_262' title='bbox 705 3364 789 3419; x_wconf 88' lang='lat' dir='ltr'><em>arma</em></span> <span class='ocrx_word' id='word_1_263' title='bbox 811 3347 950 3424; x_wconf 86' lang='lat' dir='ltr'><em>sumpsit.</em></span> <span class='ocrx_word' id='word_1_264' title='bbox 993 3345 1136 3402; x_wconf 80' lang='lat' dir='ltr'><em>Extincto</em></span> <span class='ocrx_word' id='word_1_265' title='bbox 1157 3345 1318 3402; x_wconf 79' lang='lat' dir='ltr'><em>Anastasio</em></span> <span class='ocrx_word' id='word_1_266' title='bbox 1340 3337 1379 3397; x_wconf 87' lang='lat' dir='ltr'><em>ad</em></span> 
     </span>
     <span class='ocr_line' id='line_1_35' title="bbox 270 3428 1380 3509; baseline -0.004 -23"><span class='ocrx_word' id='word_1_267' title='bbox 270 3429 488 3509; x_wconf 84' lang='lat' dir='ltr'><em>rempublicam</em></span> <span class='ocrx_word' id='word_1_268' title='bbox 509 3441 668 3490; x_wconf 82' lang='lat' dir='ltr'><em>revocatur</em></span> <span class='ocrx_word' id='word_1_269' title='bbox 695 3449 713 3487; x_wconf 92' lang='lat' dir='ltr'><em>a</em></span> <span class='ocrx_word' id='word_1_270' title='bbox 733 3430 866 3502; x_wconf 89' lang='lat' dir='ltr'><em>Iustino,</em></span> <span class='ocrx_word' id='word_1_271' title='bbox 896 3429 1080 3509; x_wconf 85' lang='lat' dir='ltr'><em>septimoque</em></span> <span class='ocrx_word' id='word_1_272' title='bbox 1104 3428 1283 3506; x_wconf 85' lang='lat' dir='ltr'><em>receptionis</em></span> <span class='ocrx_word' id='word_1_273' title='bbox 1304 3446 1380 3483; x_wconf 87' lang='lat' dir='ltr'><em>suae</em></span> 
     </span>
     <span class='ocr_line' id='line_1_36' title="bbox 268 3507 1379 3591; baseline -0.005 -19"><span class='ocrx_word' id='word_1_274' title='bbox 268 3515 334 3588; x_wconf 78' lang='lat' dir='ltr'><em>dte,</em></span> <span class='ocrx_word' id='word_1_275' title='bbox 366 3524 400 3572; x_wconf 90' lang='lat' dir='ltr'><em>ut</em></span> <span class='ocrx_word' id='word_1_276' title='bbox 421 3516 615 3572; x_wconf 85' lang='lat' dir='ltr'><em>Marcellinus</em></span> <span class='ocrx_word' id='word_1_277' title='bbox 644 3517 700 3586; x_wconf 92' lang='lat' dir='ltr'><em>ait,</em></span> <span class='ocrx_word' id='word_1_278' title='bbox 732 3515 881 3591; x_wconf 78' lang='lat' dir='ltr'><em>magister</em></span> <span class='ocrx_word' id='word_1_279' title='bbox 906 3514 1038 3572; x_wconf 85' lang='lat' dir='ltr'><em>militiae</em></span> <span class='ocrx_word' id='word_1_280' title='bbox 1058 3510 1243 3587; x_wconf 84' lang='lat' dir='ltr'><em>ordinatur,</em></span> <span class='ocrx_word' id='word_1_281' title='bbox 1272 3507 1379 3574; x_wconf 84' lang='lat' dir='ltr'><em>deinde</em></span> 
     </span>
     <span class='ocr_line' id='line_1_37' title="bbox 269 3596 1379 3677; baseline -0.005 -20"><span class='ocrx_word' id='word_1_282' title='bbox 269 3600 389 3657; x_wconf 80' lang='lat' dir='ltr'><em>consul.</em></span> <span class='ocrx_word' id='word_1_283' title='bbox 432 3600 551 3656; x_wconf 90' lang='lat' dir='ltr'><em>Tantae</em></span> <span class='ocrx_word' id='word_1_284' title='bbox 572 3599 631 3655; x_wconf 87' lang='lat' dir='ltr'><em>fuit</em></span> <span class='ocrx_word' id='word_1_285' title='bbox 652 3596 734 3677; x_wconf 86' lang='lat' dir='ltr'><em>apud</em></span> <span class='ocrx_word' id='word_1_286' title='bbox 754 3601 905 3657; x_wconf 87' lang='lat' dir='ltr'><em>lustinum</em></span> <span class='ocrx_word' id='word_1_287' title='bbox 926 3601 1110 3672; x_wconf 85' lang='lat' dir='ltr'><em>autoritatis,</em></span> <span class='ocrx_word' id='word_1_288' title='bbox 1133 3609 1167 3657; x_wconf 90' lang='lat' dir='ltr'><em>ut</em></span> <span class='ocrx_word' id='word_1_289' title='bbox 1191 3618 1228 3656; x_wconf 89' lang='lat' dir='ltr'><em>eo</em></span> <span class='ocrx_word' id='word_1_290' title='bbox 1249 3599 1379 3655; x_wconf 84' lang='lat' dir='ltr'><em>instante</em></span> 
     </span>
     <span class='ocr_line' id='line_1_38' title="bbox 268 3683 1378 3756; baseline -0.005 -13"><span class='ocrx_word' id='word_1_291' title='bbox 268 3685 417 3744; x_wconf 81' lang='lat' dir='ltr'><em>Severum</em></span> <span class='ocrx_word' id='word_1_292' title='bbox 446 3691 476 3740; x_wconf 89' lang='lat' dir='ltr'><em>et</em></span> <span class='ocrx_word' id='word_1_293' title='bbox 504 3683 657 3741; x_wconf 87' lang='lat' dir='ltr'><em>luliamun</em></span> <span class='ocrx_word' id='word_1_294' title='bbox 677 3685 858 3744; x_wconf 87' lang='lat' dir='ltr'><em>Haereticos.</em></span> <span class='ocrx_word' id='word_1_295' title='bbox 879 3687 1001 3744; x_wconf 87' lang='lat' dir='ltr'><em>iusserit</em></span> <span class='ocrx_word' id='word_1_296' title='bbox 1029 3685 1173 3756; x_wconf 83' lang='lat' dir='ltr'><em>exulare3</em></span> <span class='ocrx_word' id='word_1_297' title='bbox 1202 3692 1231 3740; x_wconf 90' lang='lat' dir='ltr'><em>et</em></span> <span class='ocrx_word' id='word_1_298' title='bbox 1258 3691 1378 3741; x_wconf 86' lang='lat' dir='ltr'><em>sauctus</em></span> 
     </span>
     <span class='ocr_line' id='line_1_39' title="bbox 268 3764 1378 3848; baseline -0.004 -22"><span class='ocrx_word' id='word_1_299' title='bbox 268 3764 433 3828; x_wconf 82' lang='lat' dir='ltr'><em>Hormisda</em></span> <span class='ocrx_word' id='word_1_300' title='bbox 453 3786 534 3847; x_wconf 89' lang='lat' dir='ltr'><em>papa</em></span> <span class='ocrx_word' id='word_1_301' title='bbox 561 3767 600 3827; x_wconf 90' lang='lat' dir='ltr'><em>ad</em></span> <span class='ocrx_word' id='word_1_302' title='bbox 628 3788 700 3826; x_wconf 90' lang='lat' dir='ltr'><em>eum</em></span> <span class='ocrx_word' id='word_1_303' title='bbox 721 3770 873 3848; x_wconf 78' lang='lat' dir='ltr'><em>scripserit</em></span> <span class='ocrx_word' id='word_1_304' title='bbox 895 3768 933 3830; x_wconf 88' lang='lat' dir='ltr'><em>de</em></span> <span class='ocrx_word' id='word_1_305' title='bbox 952 3769 1142 3848; x_wconf 85' lang='lat' dir='ltr'><em>gravioribus</em></span> <span class='ocrx_word' id='word_1_306' title='bbox 1164 3768 1309 3826; x_wconf 88' lang='lat' dir='ltr'><em>ecclesiae</em></span> <span class='ocrx_word' id='word_1_307' title='bbox 1329 3785 1378 3824; x_wconf 85' lang='lat' dir='ltr'><em>re-</em></span> 
     </span>
     <span class='ocr_line' id='line_1_40' title="bbox 268 3850 1377 3933; baseline -0.003 -22"><span class='ocrx_word' id='word_1_308' title='bbox 268 3855 342 3929; x_wconf 86' lang='lat' dir='ltr'><em>bus,</em></span> <span class='ocrx_word' id='word_1_309' title='bbox 377 3864 411 3912; x_wconf 89' lang='lat' dir='ltr'><em>ut</em></span> <span class='ocrx_word' id='word_1_310' title='bbox 434 3862 481 3912; x_wconf 88' lang='lat' dir='ltr'><em>est</em></span> <span class='ocrx_word' id='word_1_311' title='bbox 501 3855 533 3910; x_wconf 89' lang='lat' dir='ltr'><em>in</em></span> <span class='ocrx_word' id='word_1_312' title='bbox 555 3854 683 3933; x_wconf 86' lang='lat' dir='ltr'><em>epistola</em></span> <span class='ocrx_word' id='word_1_313' title='bbox 703 3856 863 3913; x_wconf 87' lang='lat' dir='ltr'><em>Iustiniani</em></span> <span class='ocrx_word' id='word_1_314' title='bbox 889 3852 929 3918; x_wconf 83' lang='lat' dir='ltr'><em>ad</em></span> <span class='ocrx_word' id='word_1_315' title='bbox 950 3852 1082 3912; x_wconf 82' lang='lat' dir='ltr'><em>eusrdem</em></span> <span class='ocrx_word' id='word_1_316' title='bbox 1102 3850 1297 3912; x_wconf 88' lang='lat' dir='ltr'><em>Hormisdam</em></span> <span class='ocrx_word' id='word_1_317' title='bbox 1309 3858 1325 3910; x_wconf 72' lang='grc' dir='ltr'><em>τ’</em></span> <span class='ocrx_word' id='word_1_318' title='bbox 1346 3853 1377 3908; x_wconf 85' lang='lat' dir='ltr'><em>in</em></span> 
     </span>
     <span class='ocr_line' id='line_1_41' title="bbox 268 3935 1377 4019; baseline 0.001 -24"><span class='ocrx_word' id='word_1_319' title='bbox 268 3957 331 4018; x_wconf 66' lang='lat' dir='ltr'><em>«pua</em></span> <span class='ocrx_word' id='word_1_320' title='bbox 359 3957 430 3997; x_wconf 87' lang='lat' dir='ltr'><em>cum</em></span> <span class='ocrx_word' id='word_1_321' title='bbox 448 3937 587 4016; x_wconf 78' lang='lat' dir='ltr'><em>fratrem</em></span> <span class='ocrx_word' id='word_1_322' title='bbox 614 3959 687 3998; x_wconf 88' lang='lat' dir='ltr'><em>eum</em></span> <span class='ocrx_word' id='word_1_323' title='bbox 713 3941 899 3999; x_wconf 84' lang='lat' dir='ltr'><em>lastinianus</em></span> <span class='ocrx_word' id='word_1_324' title='bbox 926 3939 1076 4019; x_wconf 87' lang='lat' dir='ltr'><em>appellet,</em></span> <span class='ocrx_word' id='word_1_325' title='bbox 1105 3935 1259 3999; x_wconf 85' lang='lat' dir='ltr'><em>Amoldus</em></span> <span class='ocrx_word' id='word_1_326' title='bbox 1280 3937 1377 4008; x_wconf 84' lang='lat' dir='ltr'><em>Uviou</em></span> 
     </span>
     <span class='ocr_line' id='line_1_42' title="bbox 270 4021 1377 4104; baseline -0.001 -24"><span class='ocrx_word' id='word_1_327' title='bbox 270 4027 313 4080; x_wconf 89' lang='lat' dir='ltr'><em>sic</em></span> <span class='ocrx_word' id='word_1_328' title='bbox 334 4025 467 4103; x_wconf 86' lang='lat' dir='ltr'><em>accepit,</em></span> <span class='ocrx_word' id='word_1_329' title='bbox 491 4021 587 4104; x_wconf 84' lang='lat' dir='ltr'><em>&#39;quasi</em></span> <span class='ocrx_word' id='word_1_330' title='bbox 614 4023 652 4082; x_wconf 78' lang='lat' dir='ltr'><em>(le</em></span> <span class='ocrx_word' id='word_1_331' title='bbox 674 4024 826 4084; x_wconf 83' lang='lat' dir='ltr'><em>Genusus</em></span> <span class='ocrx_word' id='word_1_332' title='bbox 851 4024 944 4083; x_wconf 89' lang='lat' dir='ltr'><em>fratre</em></span> <span class='ocrx_word' id='word_1_333' title='bbox 968 4024 1096 4096; x_wconf 62' lang='lat' dir='ltr'><em>dixerim</em></span> <span class='ocrx_word' id='word_1_334' title='bbox 1124 4022 1180 4083; x_wconf 84' lang='lat' dir='ltr'><em>sed</em></span> <span class='ocrx_word' id='word_1_335' title='bbox 1207 4041 1377 4102; x_wconf 84' lang='lat' dir='ltr'><em>perperam.</em></span> 
     </span>
     <span class='ocr_line' id='line_1_43' title="bbox 268 4099 1378 4188; baseline 0.001 -24"><span class='ocrx_word' id='word_1_336' title='bbox 268 4099 347 4165; x_wconf 75' lang='lat' dir='ltr'><em>flam</em></span> <span class='ocrx_word' id='word_1_337' title='bbox 367 4109 527 4183; x_wconf 86' lang='lat' dir='ltr'><em>Vitaliani,</em></span> <span class='ocrx_word' id='word_1_338' title='bbox 557 4119 587 4167; x_wconf 88' lang='lat' dir='ltr'><em>et</em></span> <span class='ocrx_word' id='word_1_339' title='bbox 607 4111 766 4168; x_wconf 85' lang='lat' dir='ltr'><em>lastiniani</em></span> <span class='ocrx_word' id='word_1_340' title='bbox 786 4119 929 4188; x_wconf 88' lang='lat' dir='ltr'><em>nepotes,</em></span> <span class='ocrx_word' id='word_1_341' title='bbox 950 4127 1061 4188; x_wconf 85' lang='lat' dir='ltr'><em>nempe</em></span> <span class='ocrx_word' id='word_1_342' title='bbox 1083 4109 1228 4168; x_wconf 86' lang='lat' dir='ltr'><em>Ioannem</em></span> <span class='ocrx_word' id='word_1_343' title='bbox 1248 4119 1278 4166; x_wconf 90' lang='lat' dir='ltr'><em>et</em></span> <span class='ocrx_word' id='word_1_344' title='bbox 1301 4108 1378 4166; x_wconf 83' lang='lat' dir='ltr'><em>Ger-</em></span> 
     </span>
     <span class='ocr_line' id='line_1_44' title="bbox 272 4188 1377 4274; baseline 0 -25"><span class='ocrx_word' id='word_1_345' title='bbox 272 4212 418 4269; x_wconf 87' lang='lat' dir='ltr'><em>manum,</em></span> <span class='ocrx_word' id='word_1_346' title='bbox 439 4213 501 4253; x_wconf 90' lang='lat' dir='ltr'><em>uou</em></span> <span class='ocrx_word' id='word_1_347' title='bbox 521 4192 615 4254; x_wconf 89' lang='lat' dir='ltr'><em>modo</em></span> <span class='ocrx_word' id='word_1_348' title='bbox 637 4197 875 4274; x_wconf 84' lang='lat' dir='ltr'><em>consanguineos</em></span> <span class='ocrx_word' id='word_1_349' title='bbox 895 4194 988 4253; x_wconf 85' lang='lat' dir='ltr'><em>fuisse</em></span> <span class='ocrx_word' id='word_1_350' title='bbox 1009 4204 1101 4272; x_wconf 86' lang='lat' dir='ltr'><em>negat</em></span> <span class='ocrx_word' id='word_1_351' title='bbox 1120 4195 1301 4272; x_wconf 87' lang='lat' dir='ltr'><em>Procopius,</em></span> <span class='ocrx_word' id='word_1_352' title='bbox 1324 4188 1377 4252; x_wconf 87' lang='lat' dir='ltr'><em>sed</em></span> 
     </span>
     <span class='ocr_line' id='line_1_45' title="bbox 271 4277 1376 4359; baseline -0.001 -26"><span class='ocrx_word' id='word_1_353' title='bbox 271 4277 407 4336; x_wconf 89' lang='lat' dir='ltr'><em>familiae</em></span> <span class='ocrx_word' id='word_1_354' title='bbox 428 4277 573 4356; x_wconf 82' lang='lat' dir='ltr'><em>dignitate</em></span> <span class='ocrx_word' id='word_1_355' title='bbox 599 4281 691 4359; x_wconf 85' lang='lat' dir='ltr'><em>longe</em></span> <span class='ocrx_word' id='word_1_356' title='bbox 711 4281 792 4337; x_wconf 88' lang='lat' dir='ltr'><em>iuter</em></span> <span class='ocrx_word' id='word_1_357' title='bbox 818 4299 852 4339; x_wconf 88' lang='lat' dir='ltr'><em>se</em></span> <span class='ocrx_word' id='word_1_358' title='bbox 875 4277 1002 4338; x_wconf 75' lang='lat' dir='ltr'><em>dIstssse</em></span> <span class='ocrx_word' id='word_1_359' title='bbox 1024 4282 1116 4338; x_wconf 77' lang='lat' dir='ltr'><em>etiarn</em></span> <span class='ocrx_word' id='word_1_360' title='bbox 1137 4279 1267 4337; x_wconf 78' lang='lat' dir='ltr'><em>affirmat</em></span> <span class='ocrx_word' id='word_1_361' title='bbox 1287 4296 1376 4356; x_wconf 86' lang='lat' dir='ltr'><em>supra</em></span> 
     </span>
     <span class='ocr_line' id='line_1_46' title="bbox 271 4361 1377 4444; baseline -0.005 -20"><span class='ocrx_word' id='word_1_362' title='bbox 271 4381 303 4440; x_wconf 86' lang='lat' dir='ltr'><em>p·</em></span> <span class='ocrx_word' id='word_1_363' title='bbox 324 4361 376 4424; x_wconf 74' lang='lat'><em>23.</em></span> <span class='ocrx_word' id='word_1_364' title='bbox 417 4363 575 4423; x_wconf 75' lang='lat' dir='ltr'><em>Praeterea</em></span> <span class='ocrx_word' id='word_1_365' title='bbox 597 4366 658 4424; x_wconf 84' lang='lat' dir='ltr'><em>tute</em></span> <span class='ocrx_word' id='word_1_366' title='bbox 673 4366 839 4424; x_wconf 83' lang='lat' dir='ltr'><em>Vitalianus</em></span> <span class='ocrx_word' id='word_1_367' title='bbox 862 4383 972 4444; x_wconf 85' lang='lat' dir='ltr'><em>genere</em></span> <span class='ocrx_word' id='word_1_368' title='bbox 993 4365 1115 4442; x_wconf 55' lang='lat' dir='ltr'><em>«Scytha,</em></span> <span class='ocrx_word' id='word_1_369' title='bbox 1136 4373 1171 4422; x_wconf 87' lang='lat' dir='ltr'><em>ut</em></span> <span class='ocrx_word' id='word_1_370' title='bbox 1186 4364 1377 4433; x_wconf 83' lang='lat' dir='ltr'><em>Marcellinus</em></span> 
     </span>
     <span class='ocr_line' id='line_1_47' title="bbox 271 4443 1377 4532; baseline -0.002 -28"><span class='ocrx_word' id='word_1_371' title='bbox 271 4443 372 4522; x_wconf 83' lang='lat' dir='ltr'><em>habet,</em></span> <span class='ocrx_word' id='word_1_372' title='bbox 394 4449 561 4508; x_wconf 82' lang='lat' dir='ltr'><em>Patricioli</em></span> <span class='ocrx_word' id='word_1_373' title='bbox 572 4451 678 4529; x_wconf 79' lang='lat' dir='ltr'><em>filins,</em></span> <span class='ocrx_word' id='word_1_374' title='bbox 700 4461 733 4509; x_wconf 90' lang='lat' dir='ltr'><em>ut</em></span> <span class='ocrx_word' id='word_1_375' title='bbox 754 4452 920 4532; x_wconf 89' lang='lat' dir='ltr'><em>Procopius</em></span> <span class='ocrx_word' id='word_1_376' title='bbox 940 4461 1039 4514; x_wconf 69' lang='lat' dir='ltr'><em>enarrat</em></span> <span class='ocrx_word' id='word_1_377' title='bbox 1061 4449 1082 4507; x_wconf 89' lang='lat' dir='ltr'><em>l.</em></span> <span class='ocrx_word' id='word_1_378' title='bbox 1105 4455 1118 4511; x_wconf 86' lang='lat' dir='ltr'><em>l</em></span> <span class='ocrx_word' id='word_1_379' title='bbox 1142 4447 1180 4507; x_wconf 88' lang='lat' dir='ltr'><em>de</em></span> <span class='ocrx_word' id='word_1_380' title='bbox 1202 4449 1273 4508; x_wconf 87' lang='lat' dir='ltr'><em>bell.</em></span> <span class='ocrx_word' id='word_1_381' title='bbox 1296 4450 1377 4506; x_wconf 82' lang='lat' dir='ltr'><em>Pers.</em></span> 
     </span>
    </p>
   </div>
   <div class='ocr_carea' id='block_1_3' title="bbox 0 0 1568 4959">
    <p class='ocr_par' dir='ltr' id='par_1_3' title="bbox 0 0 1568 4959">
     <span class='ocr_line' id='line_1_48' title="bbox 0 0 1568 4959; baseline 0 2"><span class='ocrx_word' id='word_1_382' title='bbox 0 0 1568 4959; x_wconf 95' lang='lat' dir='ltr'><em> </em></span> 
     </span>
    </p>
   </div>
  </div>
 </body>
</html>
