3125 4959
531 440 590 510 DE
614 438 834 510 Aturricus
858 440 886 511 1.
938 436 975 511 4.
1232 440 1313 517 189,

210 610 324 700 ὁρῶντί
337 637 371 679 τε
390 610 502 689 αότοάς
522 614 573 676 καί
594 609 747 698 προσιόντι
766 615 818 679 καλ
840 609 998 701 ἀπτομίνῳ
1019 617 1074 695 τῆς
1090 609 1209 677 tot-trus
1222 610 1306 698 ιδιγε·

210 722 292 794 λείας
304 742 334 782 τε
348 720 399 781 καὶ
413 718 481 803 περὶ
496 715 548 779 τόν
560 717 630 797 βίον
643 714 813 803 ἀσφαλείας
825 715 1009 781 ἀπόνασθαι.
1034 712 1172 802 ἐγνώσθη
1189 716 1221 779 δὲ
1236 706 1305 805 Ιιάδε.
1325 777 1328 781 .

309 822 539 894 Κωνσταντῖνος
558 819 615 900 μίν
634 818 781 899 βασιλεὺς
800 825 908 885 τοῦτον
929 818 968 903 δὴ
989 817 1041 885 τόν
1066 817 1141 883 υειδν
1156 816 1187 893 ἴς
1204 842 1236 883 τε
1250 819 1305 899 τὴν

208 920 299 1005 τιμὴν
312 926 362 988 καὶ
379 922 412 987 τὸ
424 922 520 1001 ἀνομα
534 926 595 985 τῶν
611 918 787 987 ἀποστόλων
798 922 935 1004 ε’ὁείματο
942 968 953 1000 ,
977 920 1034 998 τάς
1049 919 1150 1005 θήκας
1160 922 1305 1004 γενέσθαι

183 1022 293 1111 babenb
311 1048 344 1091 τε
363 1027 414 1089 καί
431 1034 494 1099 τοῖς
510 1024 542 1098 ἒς
554 1022 589 1087 τό
604 1020 707 1089 ίπειτα
723 1021 956 1105 βασιλεύσουσιν
972 1025 1108 1089 ἐνταῦθα
1121 1020 1224 1101 τάξας,
1245 1024 1302 1089 οὐκ
1322 1031 1347 1085 1)

208 1123 338 1213 ἀνδράσι
348 1126 450 1209 μόνον,
476 1125 555 1190 ἀλλά
573 1127 624 1190 καί
643 1129 777 1209 γυναιξὶν
793 1126 879 1192 οὐδέν
897 1152 926 1191 τι
940 1118 1051 1211 ἧσσον·
1077 1124 1150 1213 ὅπερ
1166 1128 1217 1191 καὶ
1234 1128 1304 1190 δια-

206 1228 333 1309 σώζεται
358 1231 389 1307 ίς
408 1228 495 1295 τόνδε
517 1226 569 1293 τόν
585 1226 714 1318 χρόνον·
739 1219 776 1291 ori
794 1229 833 1313 δὴ
853 1231 904 1295 καί
920 1231 1150 1295 Κιυνσταισίνου
1168 1235 1224 1294 τοῦ
1241 1256 1304 1292 πα-

205 1334 278 1419 τρὸς
295 1335 349 1399 τόν
369 1332 473 1418 νεκρόν
488 1330 587 1397 ἔθετο.
638 1328 816 1396 ἀποστόλων
830 1333 863 1396 δὲ
878 1329 1007 1414 σώματα
1023 1334 1158 1397 ἐνταῦθα
1172 1328 1245 1396 εἶναι
1261 1328 1319 1407 ἀς·

204 1437 316 1519 ἣκιστα
332 1433 549 1518 ἐπεσημήνατο,
575 1433 648 1500 obul
664 1460 711 1511 τις
728 1435 866 1524 ἐνταῦθα
884 1437 1021 1521 ίφαίνετο
1037 1441 1141 1520 χῶρος
1164 1432 1302 1516 σώμασιν

165 1536 303 1622 1οἀγίοις
325 1536 465 1603 ἀνεῖσθαι
485 1540 592 1602 δοκῶν.
641 1536 721 1601 ἀλλά
742 1543 797 1601 νῦν
814 1538 1027 1603 Ἰουστινιανοῦ
1048 1537 1198 1619 βασιλείυς
1220 1538 1303 1601 ἀνοι-

204 1642 429 1723 κοδομουμίνου
445 1638 481 1705 τό
501 1638 580 1727 ἱερόν
592 1645 700 1718 τοῦτο,
724 1639 754 1704 οἱ
770 1643 930 1726 λιθουργοὶ
951 1641 986 1705 τό
1000 1640 1116 1726 ίδιιᾳος
1134 1640 1303 1725 διιόρυσσον

204 1742 285 1820 όλον,
307 1750 363 1807 τοῦ
380 1741 424 1826 μή
448 1766 477 1808 τι
500 1742 635 1826 ἀκοσμον
650 1746 722 1829 τῇδε
745 1748 921 1830 λελεῖφθαι·
946 1741 1049 1827 θήκας
1066 1745 1099 1807 δι’
1119 1745 1238 1820 ξυλίνας
1254 1743 1302 1806 ἓν·

202 1842 309 1913 ταῦθά
329 1873 371 1928 πη
392 1846 625 1929 ἀπημελημίνας
645 1848 806 1911 τεθίανται
821 1856 911 1932 τρεῖς,
936 1843 1112 1933 γράμμασιν
1125 1846 1303 1929 ἓγκειμίνοις

202 1952 290 2037 σφίσι
317 1947 478 2031 δηλούσας,
504 1946 546 2026 ὡς
561 1948 703 2035 Ἀνδρίου
723 1975 755 2013 τε
779 1952 831 2013 καὶ
852 1952 968 2015 Λουκιῖ
990 1952 1041 2013 καί
1060 1950 1217 2031 Τιμοθίου
1241 1955 1302 2013 τιῦν

165 2049 382 2121 15ἀποστόλαιν
406 2050 536 2133 στόματα
558 2049 631 2117 είεν·
658 2053 736 2138 ἀπερ
763 2052 971 2135 ἀσμενίστατα
993 2051 1138 2135 βασιλεύς
1157 2076 1189 2116 τε
1210 2051 1303 2135 αὐτὸς

201 2157 251 2219 καὶ
268 2157 450 2241 Χριστιανοὶ
466 2153 635 2238 ξύμπαντες
647 2152 742 2233 εἶδον,
763 2153 886 2238 πομπήν
901 2182 932 2223 τε
949 2156 1119 2231 αὐτοῖςκαὶ
1136 2153 1301 2239 πανήγυριν
1324 2165 1346 2219 Ρ
1364 2168 1397 2221 15

200 2257 474 2336 ε’πιτετετελεκότες,
494 2265 534 2345 τῇ
552 2285 583 2323 τε
602 2262 669 2344 περὶ
696 2258 806 2336 αὐτοὺς
822 2265 897 2345 τιμῇ
918 2258 1150 2339 ε’ξοσιιυσάμενοι
1171 2257 1209 2322 τά
1232 2260 1298 2321 εἰοι-

200 2359 282 2424 θότα
303 2364 354 2425 καί
378 2364 615 2447 περιστείλαντες
636 2362 694 2438 τάς
713 2362 816 2445 θήκας
841 2354 935 2439 αὖθις
956 2368 993 2448 τῇ
1014 2370 1052 2448 γῇ
1072 2361 1219 2446 ἔκρυψαν,
1246 2360 1301 2424 orire

201 2458 322 2544 ἀσημον
343 2464 413 2530 οὐδὲ
438 2466 575 2549 ἀγείτονα
598 2463 733 2541 λιπόντες
758 2464 812 2529 τὸν
832 2472 945 2551 χαῖρον,
973 2466 1051 2529 ἀλλά
1067 2463 1205 2545 σώμασιν
1223 2463 1301 2526 ἀπο-

159 2562 318 2631 tourtam
336 2566 489 2647 ἀνειμένον
507 2565 768 2651 καταστησόμενοι
790 2568 843 2645 ‘glo
866 2570 1012 2659 εάσεβείιγ.
1063 2567 1189 2649 εάδηλον
1211 2569 1244 2631 δὲ
1258 2563 1300 2641 ὡς
1318 2575 1343 2629 V
1361 2574 1413 2630 402

201 2664 412 2748 ἀμειβόμενοι,
439 2666 511 2752 ὅπερ
529 2694 583 2750 μοι
607 2670 722 2756 εἴρηται
729 2719 740 2749 ,
766 2672 794 2735 ol
817 2670 980 2751 ἀπόστολοι
994 2672 1056 2735 ntur
1074 2670 1128 2753 τὴν
1144 2671 1174 2744 ἒς
1190 2669 1301 2743 αὐτοὺς

198 2771 350 2850 βασιλέως
368 2768 457 2851 τιμὴν
482 2769 633 2857 πειγὴνασι
650 2783 713 2847 τοῖς
732 2772 908 2854 ἀνθρώποις
926 2780 1026 2836 τανῦν.
1077 2773 1227 2851 βασιλέως
1240 2771 1299 2855 γάρ

199 2872 394 2954 εόσεβοῦντος
415 2873 486 2938 οὐδὲ
504 2873 659 2962 ἀπυροιτά
672 2881 733 2938 τῶν
746 2874 944 2961 ἀνθρωπείων
958 2873 998 2941 τὰ
1015 2879 1087 2939 θεία
1103 2870 1299 2959 πραγμάτιον,

267 3114 310 3172 19.
326 3107 467 3185 ἀγείτονα]
481 3078 594 3187 ἀγνῶτα
609 3120 667 3174 Pru.

199 3336 278 3397 cerel,
291 3336 477 3395 contrectaret,
491 3338 520 3385 et
535 3334 603 3403 quod
619 3334 678 3387 inde
687 3335 809 3406 provenit
819 3336 851 3389 od
861 3335 939 3391 vitam
951 3336 1120 3391 adiumentum
1131 3335 1297 3406 praesidium-

197 3419 248 3473 quc
261 3411 373 3469 cuperet
409 3404 711 3455 ltoverodeteetoruut
1237 3404 1254 3444 0

236 3512 239 3518 .
266 3471 450 3523 conuonrtnnr
466 3475 595 3539 Augustus
611 3472 699 3525 oedem
714 3474 837 3542 apostolis
856 3473 920 3525 bunc
937 3480 1067 3543 posuerat,
1087 3489 1223 3540 eorumque
1239 3473 1296 3540 glo-

196 3538 252 3591 riae
262 3546 291 3591 et
301 3539 395 3592 nouiui
405 3551 576 3603 consecraret,
589 3541 694 3593 decreto
705 3544 808 3601 addito,
825 3552 854 3595 ut
869 3559 925 3595 curu
938 3542 986 3594 sibi
998 3552 1050 3595 tutu
1061 3542 1116 3595 aliis
1129 3543 1153 3593 iu
1165 3542 1295 3609 imperium

196 3609 366 3671 successuris,
383 3610 497 3661 foeminis
507 3609 578 3661 iuxto
589 3628 619 3662 oc
631 3610 755 3677 turribus,
774 3613 808 3664 ibi
826 3612 944 3681 sepulcre
958 3612 1064 3665 fierent:
1082 3612 1148 3679 quod
1161 3611 1296 3669 etiamnum

197 3687 324 3731 servatur.
359 3678 414 3730 Illic
436 3686 463 3730 et
484 3679 640 3731 Constantini
659 3682 739 3750 patris
756 3683 869 3734 cndever
894 3681 1049 3734 condiderat.
1090 3681 1193 3733 Nullam
1211 3689 1296 3731 nutem

196 3755 280 3799 notum
297 3747 441 3815 reliquerat,
459 3764 525 3816 quae
546 3747 581 3799 ibi
596 3748 681 3801 iacere
692 3753 823 3818 oportolos
841 3759 993 3812 testaretur3
1011 3769 1057 3819 nec
1072 3750 1142 3802 locus
1157 3751 1222 3799 ullus
1234 3767 1295 3816 spe-

196 3816 258 3866 cieru
276 3816 404 3868 offerebat
420 3817 555 3869 conditorii
574 3834 700 3870 sacrorum
719 3838 861 3889 corporum.
895 3823 931 3872 tr
948 3836 1022 3881 nunc,
1040 3836 1095 3871 curn
1115 3821 1163 3869 boc
1174 3819 1294 3884 tenrpluui

196 3883 349 3937 lastinianus
361 3890 490 3953 Augustus
501 3887 628 3950 reficeret,
645 3888 763 3952 artifices,
780 3890 877 3941 etiosro
893 3887 993 3957 penitus
1012 3890 1163 3957 pavimento,
1182 3902 1213 3935 ne
1232 3887 1294 3953 quid

195 3953 307 4005 restaret
325 3956 391 4006 mole
410 3956 583 4024 compositum,
605 3955 703 4022 ligneos
720 3960 838 4010 viderunt
856 3957 953 4009 loculos
964 3966 1027 4019 tros,
1046 3955 1205 4007 illichubitos
1216 3953 1294 4006 dere-

196 4021 279 4087 lictui,
297 4040 329 4073 oc
347 4023 400 4074 suis
418 4024 591 4092 significanter
607 4024 830 4093 inscriptionibus,
849 4026 984 4085 Andreae,
1008 4026 1096 4075 ercoe
1113 4040 1143 4074 ac
1163 4024 1293 4075 'l'iurothei

194 4091 365 4160 apostolorum
383 4091 469 4147 inesse
485 4110 609 4163 corpore,
624 4110 690 4161 quoe
711 4094 850 4163 imperator
868 4094 926 4165 ipse
940 4093 1130 4159 christianique
1142 4110 1227 4143 omnes
1240 4110 1292 4143 ruo-

194 4160 260 4214 xluto
276 4178 334 4215 curu
352 4163 485 4229 voluptate
501 4170 648 4233 spectarunt
690 4163 738 4215 Hie
750 4181 842 4234 pompa
853 4182 884 4217 cc
895 4164 955 4216 ferti
967 4162 1115 4213 celebritate
1126 4161 1229 4223 ornetis,
1248 4179 1291 4213 so-

193 4228 292 4299 litisque
310 4231 450 4283 honoribus
467 4232 517 4284 rite
534 4231 680 4301 persolutis,
696 4235 811 4286 occlusos
827 4234 923 4285 loculos
941 4234 1014 4284 tuno
1032 4231 1113 4283 denuo
1124 4231 1290 4292 υτοοδοτουτς

193 4312 224 4349 το
239 4316 272 4352 ue
289 4300 362 4351 locus
376 4307 438 4352 notu
454 4301 488 4353 od
501 4302 646 4353 memorium
661 4302 755 4367 insigni
774 4311 801 4354 et
814 4301 957 4371 frequentin
976 4308 1091 4363 cureret,
1106 4299 1289 4367 ‚apostolorum

192 4368 340 4435 corporibus
358 4369 427 4420 illum
444 4371 487 4438 pie
503 4371 661 4423 dedicarunt,
696 4372 753 4423 Nec
766 4371 868 4423 dubium
880 4379 935 4435 est,
952 4370 1020 4439 quod
1032 4368 1096 4434 dixi,
1115 4369 1177 4436 quin
1188 4368 1213 4418 hi
1225 4384 1289 4434 npo·

192 4435 260 4502 stoli,
275 4436 302 4488 iu
318 4438 457 4507 proemium
475 4439 582 4492 honoris
597 4440 645 4493 sibi
656 4440 689 4494 ob
702 4439 856 4509 imperatore
869 4440 959 4505 uetiti,
975 4455 1081 4493 renunc
1092 4438 1233 4492 homiuibus
1244 4453 1289 4487 ex-
