3125 4959
262 410 337 492 394
380 489 382 492 ,
606 422 652 492 ΙΝ
677 424 788 492 HIST.
812 422 1009 492 ARCleM

227 605 230 611 ’
259 588 425 666 gnrationis
454 585 586 647 camrin'e
616 587 766 648 describit.
811 590 993 650 Seniorem'l
1023 595 1130 660 Nonne
1156 587 1260 651 rident
1287 587 1365 650 illud

257 676 407 735 nomisma
431 679 508 732 anno
524 675 692 732 Iustiniani.
736 696 765 735 u.
789 674 922 735 secundo
944 697 1051 737 cusum
1073 675 1276 736 suissc'i'lmo
1297 697 1365 734 cunr

258 753 297 816 de
318 756 429 817 hac're
455 762 645 818 consulerem
670 761 908 820 illustrissimum
932 762 1021 822 Cordi
1043 755 1241 821 Barbednnm
1267 765 1365 819 virum

257 843 296 900 de
323 847 406 903 omui
418 863 541 946 ‘genere
562 845 740 903 litterarum
767 847 844 904 bene
872 848 1033 922 meritum,
1064 869 1104 906 ex
1132 848 1280 907 ditissimo
1310 866 1365 905 suo

255 930 391 1002 musaeo,
416 929 448 986 in
471 949 531 1009 qno
553 940 666 988 certant
686 933 765 988 inter
785 953 818 990 sc
838 953 939 991 rernm
962 937 1126 1014 antiquitas
1144 945 1177 991 et
1200 935 1364 1011 opulentia,

256 1013 318 1071 duo
345 1017 472 1094 protulit
499 1034 589 1072 aurea
613 1018 795 1076 nomismata
817 1029 923 1097 qrrarto
945 1031 975 1077 et
998 1031 1085 1078 sexto
1107 1038 1185 1076 atrito
1207 1019 1365 1076 Iustiniani

255 1110 347 1169 cusa,
377 1102 408 1156 in
431 1100 540 1178 quibus
568 1111 614 1158 ter
634 1099 834 1161 nihilominus
862 1107 1019 1182 repetita
1009 1116 1054 1162 est
1075 1105 1174 1160 littera
1202 1121 1232 1160 ιι.
1278 1104 1366 1159 Alte-

255 1204 324 1250 rnm
338 1183 390 1241 hic
412 1187 532 1264 accipe.
555 1186 683 1244 alterum
702 1186 841 1246 dabimus
859 1191 948 1247 infru.
991 1187 1158 1248 Incisornm
1179 1189 1232 1245 ille
1254 1185 1366 1245 abusus

254 1279 311 1326 est
365 1272 400 1325 In
428 1270 488 1326 alio
521 1290 648 1328 nummo
676 1269 709 1333 in
738 1275 795 1332 τοῦ
822 1272 962 1335 ἐναντίου
996 1284 1176 1351 peccarunt,
1206 1281 1240 1329 ut
1266 1269 1366 1328 rides.

255 1351 335 1428 [Vid.
359 1354 410 1431 lig.
433 1353 475 1432 4.]
526 1375 556 1413 o.
579 1373 610 1412 r.
631 1373 790 1416 inermus.
816 1375 868 1415 rr.
889 1375 1104 1418 rnsrmmuns.
1128 1377 1156 1415 r.
1181 1376 1209 1415 r.
1231 1359 1306 1414 nnc.
1331 1356 1366 1411 iu

254 1458 316 1516 (pm
338 1439 453 1497 litteras
473 1440 652 1540 singulares,
675 1451 705 1498 et
719 1451 890 1499 extremam
907 1459 985 1500 nno.
1000 1445 1153 1521 geminare
1173 1443 1365 1538 oportuisset.

254 1521 368 1582 Verum
390 1521 465 1582 lraec
487 1527 633 1583 curiosius
654 1529 812 1606 persequi,
835 1547 896 1585 uon
914 1525 1005 1586 huius
1027 1538 1072 1586 est
1091 1529 1155 1584 otii.

167 1613 240 1670 dib
341 1611 377 1666 P.
400 1609 458 1682 68,
483 1616 515 1674 7
567 1609 684 1670 Nullus
709 1632 743 1666 ex
769 1622 894 1687 senatu,
916 1611 971 1669 etc.
998 1609 1223 1690 prohibendam
1251 1611 1366 1667 οιιιιιιὶι

254 1715 317 1751 rem
339 1690 500 1752 delectabit
486 1694 557 1774 lem]
593 1696 781 1751 Contrarium
802 1696 961 1754 ¹dimoinns
984 1697 1005 1751 l.
1028 1701 1048 1758 2
1071 1716 1097 1762 c.
1120 1696 1150 1756 5.
1196 1694 1290 1770 Quod
1305 1697 1392 1775 f‘l·‚

254 1790 340 1836 ctum
359 1779 544 1837 vehementer
564 1777 727 1835 abhorruit
744 1780 898 1860 populus,
920 1789 1104 1858 cunctusque
1121 1789 1265 1850 senatus,
1288 1777 1364 1834 redeo

252 1875 289 1922 ιιι
305 1865 417 1939 palam
438 1863 606 1920 clamarent
627 1865 780 1938 nefariam
808 1885 869 1922 rem
887 1864 1001 1943 ficisse
1021 1864 1218 1962 Augustum,
1247 1873 1282 1920 ut
1299 1885 1364 1939 pu-

253 1948 351 2006 blicae
372 1947 553 2006 adiectionis
573 1959 709 2005 scortum
729 1949 791 2006 sibi
804 1951 989 2027 copularct'
976 1971 1007 2007 ιιι
1022 1952 1264 2006 matrimonium.
1291 1950 1364 2005 JIuc

255 2033 371 2091 Caesar
394 2035 572 2113 exagitatus
594 2036 713 2091 iniuria
715 2035 906 2120 ,plerosque
926 2047 1101 2092 senatorum
1117 2056 1175 2114 pu
1176 2033 1261 2091 trau
1282 2034 1364 2089 iubet

180 2134 183 2142 ⁴
222 2115 225 2121 ’
251 2116 299 2175 ad
316 2139 424 2181 mcem.
470 2120 559 2195 Quae
572 2140 619 2176 res
633 2121 667 2176 in
686 2130 810 2176 tantum
822 2123 985 2198 perterruit
1000 2113 1129 2198 plebem,
1152 2130 1188 2175 ut
1202 2117 1262 2174 sibi
1278 2120 1364 2198 qais·-

251 2225 309 2282 ‹Jue
326 2215 459 2262 metuens
480 2204 644 2262 conatibus
663 2207 730 2262 eius
750 2207 784 2261 ιἰι
802 2215 959 2281 pcwuuum
980 2207 1105 2262 minime
1121 2204 1245 2261 obuiare
1265 2201 1363 2259 aude-

180 2284 183 2289 ’
250 2301 303 2347 ret.
346 2292 428 2347 Haec
455 2309 526 2346 vera
548 2291 680 2348 siluisset
702 2287 891 2368 Procopius?
919 2291 1047 2348 fortusse
1077 2291 1236 2347 Airnoinns
1266 2288 1363 2344 innuit

249 2373 328 2430 iacta
349 2376 382 2431 in
403 2376 605 2432 Iustiniannm
627 2395 695 2432 eam
715 2375 755 2438 ,ob
774 2395 842 2432 rem
865 2377 999 2435 convicia
1026 2379 1059 2432 in
1084 2377 1163 2434 circo
1183 2385 1213 2432 et
1234 2370 1362 2446 theatro,

249 2456 333 2537 qnod
350 2469 386 2516 et
406 2462 440 2516 iu
464 2461 532 2518 aliis
554 2461 708 2518 autoribus
729 2460 872 2538 legimus.

335 2547 371 2600 P.
395 2547 447 2616 68,
469 2546 500 2604 9.
548 2547 629 2603 itud
629 2566 667 2602 us
686 2545 890 2623 Antistitum]
921 2541 1127 2624 Epiplmninm
1150 2542 1362 2602 Constantino-

250 2627 419 2706 politanum
435 2627 638 2706 patriarcham
659 2628 709 2686 hic
731 2634 892 2730 praecipue
918 2632 1034 2708 carpit,
1046 2649 1107 2708 ιμιο
1129 2624 1288 2702 ἐπιθέντος
1310 2624 1364 2700 ric

142 2726 163 2777 ι)
181 2723 233 2780 123
250 2717 368 2813 piper,
390 2733 502 2770 manus
523 2715 691 2790 imponente
710 2733 795 2769 ruore
814 2717 962 2772 rusiorum
982 2717 1166 2773 lastinianus
1187 2711 1282 2771 adivit
1303 2715 1363 2769 im-

249 2801 385 2877 perium,
407 2808 441 2855 ut
463 2799 594 2878 cyrillus
615 2795 881 2938 Scytlropolitnuus
904 2799 1047 2876 explicat.
1094 2797 1096 2801 ’

335 2886 371 2940 Ρ
395 2886 446 2956 68,
474 2890 525 2947 10.
571 2885 633 2960 Qui
657 2888 724 2940 eam
748 2880 905 2940 dominam
926 2893 1001 2939 esset
1023 2876 1271 2959 compellaturus]
1294 2880 1362 2936 Sci-

250 2969 323 3053 licet
344 2979 374 3025 et
398 2965 479 3025 hunc
500 2971 639 3047 Procopii
661 2969 763 3026 locum
785 2979 911 3046 urgeant
919 2970 1004 3047 ,qni
1025 2968 1113 3024 illum
1135 2967 1273 3052 Gregorii
1295 2984 1362 3022 ma-

249 3057 304 3131 gni
326 3054 413 3111 nobis
436 3053 616 3127 obtrudunt,
646 3053 698 3110 nbi
722 3049 898 3111 Mamiti'um
927 3054 1140 3132 imperatorem
1163 3061 1192 3108 et
1214 3051 1362 3108 Go-nstnn

251 3142 326 3196 tiam
347 3142 517 3216 Atrgrrstum
542 3141 749 3199 snrrctissimns
777 3137 917 3226 pontifex
943 3135 1084 3195 domitios
1108 3146 1206 3195 rorat.
1250 3138 1362 3192 Proco-

250 3226 320 3302 pius
343 3243 436 3303 <guam
458 3225 590 3282 nominis
612 3226 694 3281 illins
715 3222 838 3280 fastum
849 3225 1007 3311 ritnperet,
1030 3219 1155 3280 habes
1147 3243 1178 3279 ιιι
1182 3221 1272 3322 ftap.
1291 3219 1362 3283 134.

250 3310 431 3385 Gregorius,
465 3310 577 3388 aliique
598 3311 690 3388 prisci
717 3305 888 3387 pontifices,
918 3307 949 3366 et
971 3310 1093 3366 orientis
1116 3310 1249 3386 episcopi
1272 3325 1364 3386 ιμιιιιιι

250 3393 398 3467 modeste,
421 3393 774 3474 οισνγκαιαβαιικώςίἀ
790 3395 915 3472 egerint,
938 3394 1243 3470 otmrcsintellignnt.
1286 3395 1362 3448 Nam

250 3481 381 3537 Ronmni
404 3477 528 3558 (pridem
549 3481 716 3558 pontifices,
738 3499 814 3559 ‹puos
833 3499 873 3537 ex
894 3499 951 3538 usu
973 3479 1101 3558 reipubl.
1124 3476 1273 3548 dominos,
1295 3496 1363 3534 eos-

251 3562 323 3621 dem
351 3566 416 3621 iure
440 3564 520 3622 iiiios
541 3566 745 3643 appellabant.
789 3562 954 3629 Adrianus
974 3563 1150 3643 Episcopus
1170 3582 1276 3619 servus
1298 3583 1363 3617 ser-

249 3669 359 3707 uorum
382 3647 432 3706 dei
453 3646 587 3706 dominis
610 3651 763 3727 piissimis
783 3660 811 3707 et
838 3651 1040 3706 serenissimis
1066 3669 1105 3705 ac
1126 3645 1364 3724 triumplialibus

249 3732 509 3813 imperatoribus,
532 3735 618 3812 filiis
645 3731 815 3812 diligendis
842 3728 950 3793 in¹deo
977 3745 1005 3793 et
1026 3731 1149 3791 domino
1171 3743 1274 3790 nostro
1296 3731 1363 3788 Iesu

252 3819 376 3877 Clnicto
389 3818 602 3887 ,Constantino
623 3831 652 3877 et
675 3814 781 3878 trenas
801 3820 969 3898 Augustis.
1013 3819 1053 3876 Et
1074 3820 1104 3874 iu
1131 3815 1275 3876 contextu
1297 3818 1363 3893 epi-

249 3906 364 3962 stolae:
393 3905 538 3963 Piis-simi
567 3915 595 3960 et
627 3900 883 3982 tranquillissimi
912 3903 1030 3962 domini
1056 3913 1084 3960 et
1110 3903 1182 3980 filii.
1224 3899 1361 3958 Eandem

250 3989 455 4067 compellandi
472 3991 602 4048 forrnarn
624 3990 794 4047 observarit
808 3987 938 4068 Agatho,
962 4007 1031 4045 cunt
1053 3990 1084 4044 in
1100 3984 1275 4067 epigraphe,
1297 3997 1361 4044 tnrn

251 4075 283 4132 iu
305 4086 450 4153 contextu
477 4095 581 4134 canrm
603 4075 788 4148 litterarum,
820 4069 895 4156 rjnas
917 4071 978 4154 ¹pro
1000 4075 1127 4135 ctrrrcilio
1151 4073 1364 4130 Cottstnntino-

252 4159 386 4238 politano
415 4171 503 4221 sexto
539 4159 579 4218 ad
600 4163 830 4218 Constantinum
852 4161 1026 4230 llemcliunr
1060 4169 1088 4216 et
1117 4159 1275 4217 Tiberium
1298 4160 1363 4214 Λιι-

252 4255 356 4322 gustos
379 4243 472 4304 dedit.
515 4248 565 4304 Ex
590 4247 786 4306 orientalibus
804 4240 918 4303 'antem
947 4246 1096 4326 episcopis
1122 4245 1212 4324 plane
1241 4244 1363 4300 suerunt

253 4336 284 4388 ct
301 4331 415 4410 ‘quibus
443 4351 479 4388 eo
509 4334 553 4390 uti
580 4333 704 4392 nominc
732 4350 795 4389 nou
820 4330 926 4404 libuit,
958 4339 991 4388 nt
1012 4331 1138 4390 Leontio
1161 4329 1364 4407 Tripolitano,

253 4435 345 4495 quem
367 4435 422 4476 sua
444 4426 526 4475 aetas
549 4416 674 4483 Κανόνα
695 4418 750 4498 τῆς
770 4415 938 4498 ἐκκλησίας,
953 4415 1102 4476 'ecclesiae
1122 4434 1272 4494 normam,
1293 4415 1365 4476 licet
