3125 4959
230 399 306 472 438
584 400 630 466 lN
655 397 765 466 HIST.
791 396 988 465 mainan

229 567 444 641 incumbebat,
467 573 505 625 ut,
523 565 687 624 Artabannes
710 579 741 622 et
761 564 910 622 coniurati
935 559 988 620 hic
1008 579 1080 619 eum
1099 560 1168 620 neci
1196 571 1331 641 apporto·

228 657 392 712 nissimurn
414 649 622 710 sevhabituros
644 659 809 730 sperarent.
852 649 1018 725 Procopius
1047 648 1111 710 Ι.3
1138 647 1212 705 bell.
1237 646 1342 706 Gotth.

231 732 380 817 Koiitnron
395 730 564 814 ἀφύλακτος
584 730 632 799 a’si
654 735 703 800 inl
718 733 826 815 λέσχης
841 731 924 806 τινὸς
945 728 1023 813 duel
1042 735 1105 794 τοῖν
1124 736 1245 795 νυκτῶν
1262 730 1342 811 6μοῦ

230 827 296 896 τοῖς
316 827 378 884 τῶν
401 821 505 902 ἱερέων
520 819 775 903 ἔσχατογὲρουσιν,
800 816 927 898 ἄσχετον
948 813 1129 879 ἀνακυκλεῖν
1149 815 1188 879 roi
1201 822 1342 896 Χριστια-

230 911 300 969 ucis
319 904 405 988 λόγια
432 903 569 987 σπονδήν
591 905 682 986 ipsiu:
704 917 850 987 perpetuo
877 906 943 962 sine
964 901 1142 961 custodibus
1162 900 1279 962 desidet
1299 898 1345 960 ad

232 993 366 1050 multam
387 1004 501 1050 noctem
522 995 556 1050 in
582 1013 709 1051 musaeo
730 1012 802 1048 curn
822 988 996 1047 senioribus
1017 987 1183 1068 quibusque
1202 985 1344 1046 sacerdo·

223 1077 329 1155 ¹tilius,
363 1080 565 1136 attentissimo
593 1077 699 1136 studio
734 1095 854 1134 arcana
885 1074 1134 1133 Christianorum
1163 1072 1345 1154 dogmatum

232 1164 431 1242 investigans.
475 1165 555 1222 Male
574 1165 757 1243 Procopium
779 1161 929 1220 Antonius
952 1160 1082 1218 Concius
1110 1156 1284 1236 redarguit3
1312 1157 1346 1217 id
1442 1219 1444 1224 ,

122 1251 146 1306 Ρ
163 1249 216 1309 153
232 1251 394 1328 Procopius
417 1247 467 1306 hic
488 1252 659 1328 vituperare
677 1246 807 1320 videtur,
830 1245 913 1326 quod
932 1247 1098 1324 imperator
1117 1246 1264 1322 neglectis
1286 1246 1346 1301 rei·

189 1379 190 1384 1
230 1335 368 1414 publicae
390 1337 520 1412 negotiis
544 1338 681 1414 apprime
703 1334 898 1405 necessariis,
927 1333 1137 1390 ecclesiasticis
1163 1330 1253 1388 rebus
1281 1349 1346 1388 sese

229 1421 433 1493 immisceret,
457 1417 541 1499 quod
563 1440 618 1499 per
640 1437 794 1478 summam
817 1418 1015 1476 ambitionem
1035 1435 1194 1495 nunquam
1215 1436 1279 1475 non
1300 1416 1348 1472 fa-

230 1507 357 1564 ctitavit.
400 1505 560 1563 Liberatus
589 1507 622 1562 in
645 1507 779 1563 Breviar.
803 1523 829 1560 c.
852 1507 893 1569 23
924 1505 1039 1561 annuit
1064 1505 1231 1582 imperator
1243 1501 1347 1580 fucil-

229 1591 319 1669 lime,
339 1588 485 1670 gaudena
504 1611 536 1648 ce
558 1588 595 1647 de
615 1591 733 1648 talibus
753 1591 859 1648 causis
880 1587 1035 1646 iudicium
1050 1589 1150 1663 ferre3
1175 1607 1286 1666 nempe
1309 1583 1347 1642 de

230 1677 452 1734 ecclesiasticis
503 1677 562 1747 Qui
592 1672 799 1755 disputantem
828 1673 867 1732 de
903 1672 1083 1752 theologicis
1119 1673 1346 1752 quaestionibus

229 1764 432 1820 lastinianum
453 1759 559 1820 audire
580 1763 666 1838 vult,
699 1771 730 1818 et
756 1759 861 1819 videre
889 1760 971 1817 inter
998 1761 1156 1838 episcopos
1186 1755 1347 1816 considen-

229 1855 312 1920 tem,
340 1846 432 1906 modo
453 1844 639 1923 haereticos,
667 1844 761 1906 modo
784 1843 957 1905 Catholicae
982 1845 1140 1924 praesules
1160 1853 1346 1917 monentem,

188 1959 195 1987 z
231 1929 466 2011 docentemque,
493 1942 524 1990 et
543 1953 621 2011 pene
645 1934 851 2004 exultantem,
873 1932 937 1989 suis
958 1950 1022 1987 non
1043 1926 1135 1986 modo
1152 1926 1348 2007 disceptatio-

229 2017 332 2091 nibus,
354 2015 409 2076 sed
428 2019 521 2074 etiam
540 2019 617 2081 fusis
640 2015 795 2075 addeum
817 2015 957 2094 precibus
979 2013 1200 2072 haereticorum
1222 2020 1348 2071 conver-

134 2104 213 2162 Δ87
231 2103 350 2160 sionem
388 2099 629 2177 adscribentem,
665 2103 749 2181 legat
787 2103 949 2180 epistolam
979 2102 1150 2159 innocentii
1179 2098 1348 2158 Maroniani

230 2189 375 2267 Episcopi
397 2186 437 2245 ad
452 2185 640 2248 Thematem
653 2188 876 2268 presbyterum,
898 2189 931 2244 in
952 2184 1023 2244 fine.
1068 2187 1146 2243 Cain
1167 2186 1246 2242 forte
1267 2183 1349 2258 Aga-

229 2283 321 2350 petus
341 2275 484 2352 pontifex
504 2277 660 2333 Romaanus
682 2271 822 2332 noudum
836 2270 1193 2329 Anthimidamnatione
1214 2286 1354 2344 pronun-.

232 2357 312 2413 cista
342 2359 425 2414 diem
453 2359 596 2427 obiisset3
625 2378 689 2414 non
718 2357 883 2412 defuerunt
909 2354 1045 2430 episcopi
1072 2354 1127 2431 qui
1156 2371 1228 2409 cum
1255 2353 1348 2410 Paulo

170 2463 172 2468 ·
233 2441 390 2518 Apameae
411 2443 579 2498 Iustiniana
601 2441 645 2497 sic
665 2437 780 2497 adulati
801 2447 885 2496 sunt.
928 2436 1107 2516 Agapetum
1128 2433 1147 2499 i
1164 2431 1281 2518 Κύριος
1301 2459 1349 2516 με-

190 2551 191 2556 ’
234 2521 384 2603 nicanora,
404 2524 457 2587 inu
477 2519 511 2588 τὸ
530 2517 683 2604 πλήρωμα
703 2527 758 2603 τῆς
778 2515 999 2604 κατορθώσεως
1019 2525 1059 2606 τῇ
1078 2519 1208 2605 ὑμετέρᾳ
1230 2518 1349 2606 φυλάξῃ

231 2603 425 2692 γαληνότηνι,
447 2607 594 2667 dominus
616 2609 790 2683 transtulit,
811 2617 850 2666 ut
870 2609 969 2686 operis
991 2611 1284 2665 consummationem
1300 2630 1351 2665 ve.

230 2705 313 2754 strae
327 2696 485 2752 serenitati
500 2705 677 2760 reservaret.
720 2696 833 2754 Verum
855 2704 1021 2772 antequam
1038 2695 1201 2770 imperium
1221 2702 1350 2771 caperet,

232 2777 448 2858 aTlreophilo
470 2779 589 2836 Abbate
609 2789 805 2856 praeceptore
826 2797 882 2835 suo
909 2776 959 2835 his
988 2789 1052 2834 erat
1072 2781 1135 2834 lam
1157 2776 1266 2836 studiis
1290 2782 1351 2836 im-

231 2865 345 2922 butus:
373 2883 447 2920 narn
470 2882 540 2919 curn
562 2864 753 2920 seeretissimo
774 2861 917 2939 pontifice
937 2863 1076 2938 Agapeto
1098 2859 1152 2918 diu
1175 2871 1267 2940 atque
1293 2883 1352 2940 pu·

232 2951 372 3026 gnaciter
397 2967 453 3028 pro
474 2944 667 3026 Eutychiana
693 2943 814 3002 haeresi
834 2943 1011 3023 disputavit.
1054 2948 1245 3004 Anastasius.
1266 2946 1352 3006 Paul.

233 3035 321 3092 Dias.
365 3036 400 3091 ln
424 3051 484 3114 qua
511 3031 715 3111 disputatione
738 3032 920 3108 magistrum
941 3030 1114 3088 Catholicae
1139 3031 1210 3089 fidei
1231 3034 1353 3112 Agape-

232 3128 302 3176 tum
324 3122 496 3178 Romanurn
526 3127 637 3196 pravae
668 3115 706 3174 de
735 3117 883 3194 religione
904 3118 1073 3174 seriterrtiae
1094 3119 1271 3174 insimulare
1292 3139 1353 3176 non

234 3205 357 3261 erubuit
382 3197 591 3260 inflatissimus
621 3203 748 3261 scientia
770 3203 972 3281 lastinianus,
1001 3200 1084 3281 quod
1106 3222 1147 3260 ex
1173 3215 1276 3262 autore
1298 3225 1355 3282 ap-

233 3285 373 3366 pendicis
396 3286 435 3344 ad
456 3289 667 3345 Marcellinum
687 3286 831 3365 'colligere
853 3297 911 3370 est.
956 3287 1025 3366 lpse
1045 3288 1221 3367 Agapetus,
1244 3293 1354 3368 inquit,

236 3382 404 3429 extremum
432 3368 513 3428 diem
537 3371 614 3429 obiit
643 3375 677 3431 in
706 3370 854 3448 domin03'
880 3375 914 3430 in
937 3373 1024 3430 nullo
1046 3384 1149 3431 tamen
1170 3378 1253 3431 sicut
1279 3377 1307 3430 ei
1333 3393 1355 3431 a

231 3458 377 3539 principe
399 3454 619 3529 obiiciebatur,
643 3459 772 3515 sentiens
794 3468 902 3516 contra
915 3457 1024 3535 fldem,
1068 3461 1135 3516 imo
1158 3457 1356 3538 quadriennio

237 3551 309 3600 arrte
331 3539 500 3600 adventum
517 3543 648 3620 Agapeti
666 3543 957 3621 Constantinopolim
975 3544 1069 3602 libros
1091 3543 1129 3602 de
1149 3546 1356 3601 incarnatione

239 3625 394 3686 dominica
422 3624 538 3698 edidit,
568 3635 600 3683 et
627 3626 814 3704 illyricianos
842 3631 1008 3707 Episcopus
1029 3628 1079 3686 'ad
1104 3629 1356 3688 subscribendum

240 3715 350 3794 coegit.
371 3725 372 3730 ’
394 3713 497 3789 Victor
518 3713 624 3770 Tunn.
669 3713 714 3768 De
742 3709 789 3771 his
818 3724 849 3770 et
876 3715 944 3772 alhs
974 3714 1114 3772 eiusdem·
1137 3715 1223 3774 libris
1252 3735 1356 3773 eorum

238 3809 413 3876 temporum
440 3798 575 3877 aequalis
603 3793 754 3854 isidorus:
785 3797 981 3857 lastinianus
1007 3802 1174 3879 imperator
1203 3799 1357 3880 quosdam

238 3883 338 3941 libros
358 3881 396 3942 de
416 3885 632 3942 incarnatione
653 3881 772 3940 domini
794 3883 908 3960 edidit,
931 3907 1011 3965 quos
1032 3889 1126 3944 etiam
1142 3907 1199 3965 per
1219 3887 1359 3943 diuersos

241 3971 328 4025 misit
347 3973 538 4046 prouincias.
584 3965 733 4028 Condidit
750 3989 868 4047 quoque
890 3982 918 4028 et
938 3973 1120 4050 rescriptum
1143 3976 1256 4028 contra
1269 3989 1359 4046 νγηο-

241 4050 317 4110 dum
339 4054 572 4132 Illyricianam,
602 4065 631 4112 et
658 4050 808 4112 adversus
829 4055 1002 4130 Africanos
1019 4060 1209 4137 Episcopus,
1236 4053 1272 4112 iu
1299 4076 1358 4134 quc

241 4139 308 4195 tria
329 4141 472 4218 capitula
493 4137 650 4198 contendit
670 4137 830 4200 damnare.
872 4143 984 4201 Libelli
1013 4141 1213 4200 confessionis
1242 4139 1312 4199 fidei
1340 4161 1359 4200 a

241 4225 410 4285 Iustiniana
431 4224 521 4300 editi,
549 4227 693 4285 meminit
713 4227 737 4286 l.
758 4227 790 4288 1.
833 4220 967 4284 Facund.
989 4228 1148 4285 Hennian.
1170 4226 1224 4284 lib.
1246 4229 1359 4288 serui

245 4313 376 4368 secernit
398 4311 435 4368 ab
457 4309 524 4370 hoc·
537 4313 670 4370 similem
692 4312 799 4386 alium,
821 4313 983 4368 iustiniani
1002 4315 1125 4370 rronrine
1147 4311 1185 4370 ab
1201 4310 1359 4372 haereticis

245 4405 473 4474 praenotatum:
497 4416 537 4455 ex
558 4395 609 4457 his
628 4399 835 4459 monumentis
858 4417 954 4457 unum
972 4395 1069 4481 (quod
1083 4417 1140 4480 ego
1160 4398 1269 4478 sciam)
1288 4408 1359 4458 tan·
