3125 4959
526 392 550 539 Ἰ
592 422 738 496 norm
761 428 984 500 ιιιιιιιιιιι.
1265 433 1342 502 sse

231 611 323 693 nump
338 590 495 666 Iustinum,
513 599 545 649 et
563 590 769 650 lastinianum
786 591 930 672 suscepit.
972 593 1021 652 Ex
1041 588 1101 653 boc
1113 593 1254 673 Procopii
1273 594 1341 654 loco

232 679 340 736 erroris
362 681 497 756 arguitur
510 675 682 756 Onophrius
703 680 881 752 Panviniue‚
904 680 958 760 qui
978 681 1092 738 lustina
1112 680 1256 738 Germani
1277 681 1341 740 filio

231 764 424 822 matrimonio
445 763 544 839 iungit
564 763 780 841 Vigilantiam
802 783 896 846 quam
917 776 948 824 et
967 765 1126 826 lastiniani
1145 764 1241 823 filiam
1262 765 1340 826 falso

234 845 349 920 credin
371 845 426 906 sed
446 845 484 906 de
504 844 554 906 bis
575 847 666 907 inira.

318 934 355 990 Ρ.
366 932 419 1007 39,
434 933 467 994 9.
511 933 653 1013 Nuptiae
671 931 844 992 Anastasio
865 937 969 1012 nepoti
982 933 1127 1012 perficere
1147 931 1339 1011 maturabat]

233 1020 311 1076 Nam
331 1021 463 1095 graviter
482 1028 641 1096 aegrotans
656 1016 832 1093 Theodora,
852 1021 957 1096 paucis
978 1029 1051 1120 post
1068 1017 1222 1076 mensibus
1244 1017 1338 1092 obiit3

233 1101 309 1159 haec
329 1104 412 1160 enim
432 1100 600 1162 inciduut'
589 1124 622 1163 sn
643 1123 756 1162 anuum
775 1104 936 1162 Iustiniani
957 1104 1141 1182 vigesimum
1161 1101 1337 1178 secundnm,
1355 1101 1377 1156 Ρ
1394 1105 1430 1160 98

233 1183 354 1266 quaudo
376 1198 407 1246 et
420 1185 601 1249 Theodorus
622 1188 748 1262 obitum,
771 1199 803 1247 et
816 1191 987 1248 Antoninos
1008 1208 1049 1246 ex
1069 1189 1157 1246 Italia
1176 1189 1339 1268 profectio·

230 1291 321 1347 nem,
351 1283 382 1330 et
401 1274 540 1332 Belisarii
565 1275 604 1334 ob
629 1292 696 1332 rem
715 1233 952 1354 malagenam,
982 1272 1144 1334 reditum
1134 1293 1168 1332 ur
1192 1274 1339 1334 orientem

230 1368 332 1415 narrat
352 1359 560 1438 Procopiusl.
578 1358 694 1420 libell.
716 1355 822 1419 Gonh.

315 1443 354 1501 P·
374 1440 426 1516 40,
448 1443 480 1506 5·
520 1444 669 1502 Bataua
689 1439 901 1524 imperatrice]
920 1443 1025 1501 Mense
1045 1442 1152 1515 lunio,
1173 1437 1337 1499 indictione

230 1527 340 1604 prima,
361 1538 396 1586 ut
416 1489 508 1586 babet
527 1525 742 1630 Theophanes,
766 1547 846 1587 anno
867 1528 988 1606 imperii
1009 1527 1167 1586 Iustiniani
1188 1527 1337 1603 vigesimo

230 1609 381 1687 secundo,
403 1632 515 1692 nempe
536 1618 651 1673 exactis
672 1617 704 1672 in
725 1616 854 1693 imperio
876 1614 964 1672 annis
986 1631 1048 1672 uuo
1071 1622 1101 1670 et
1121 1613 1248 1689 viginti,
1281 1613 1339 1668 tri-

229 1695 347 1776 busque
367 1698 540 1756 mensibus:
569 1701 733 1777 Procopius
753 1701 776 1758 l.
798 1705 819 1764 8
840 1698 913 1757 bell.
935 1696 1041 1757 Gouh.
1082 1699 1133 1754 Ex
1153 1693 1201 1754 his
1224 1697 1340 1772 corrige

229 1783 388 1840 Octavium
408 1802 428 1842 a
447 1783 594 1861 Rusberg.
641 1781 807 1864 Theodoro,
827 1784 944 1864 inquit,
966 1783 1079 1841 mulier
1099 1783 1340 1860 sapientissima,

228 1869 342 1925 marito
363 1867 401 1926 ob
427 1877 606 1926 emaciatam
625 1865 790 1944 delirante,
817 1869 1040 1948 rempublicam
1067 1869 1198 1924 maxime
1223 1865 1342 1944 guber·

229 1955 326 2010 navit.
369 1955 447 2009 Nam
470 1953 656 2012 lastinianus
676 1952 787 2012 mentis
811 1973 936 2033 compos
964 1954 1135 2032 complures
1165 1970 1259 2008 anuos
1286 1969 1341 2008 su-

228 2035 352 2114 perfuit.
395 2037 512 2096 0biisse
532 2035 731 2096 Theodoram
750 2037 855 2098 scribit
872 2043 976 2097 Victor
992 2038 1177 2116 Tunnensis,
1200 2036 1341 2092 canceris

223 2120 325 2197 plaga
345 2139 468 2199 corpore
487 2131 552 2179 toto
567 2123 738 2200 perfusam.
779 2117 860 2180 Νιιιιι
880 2122 1014 2180 moriens
1042 2123 1217 2198 resipuerit,
1248 2121 1341 2178 silent

227 2202 375 2262 historici.
419 2206 509 2265 Solus
531 2204 736 2306 Theophanes
755 2187 881 2264 brevem
898 2209 986 2264 illam
1007 2225 1115 2264 vocem
1137 2202 1233 2279 addit,
1254 2197 1340 2265 ειισε-

227 2290 291 2370 βῶς
313 2285 475 2370 ἐκοιμηθη.
517 2292 575 2349 Pie
595 2295 744 2366 moriem,-
771 2295 799 2350 si
819 2301 923 2350 tamen
953 2289 993 2350 ad
1014 2293 1233 2370 poenitentiam
1256 2290 1338 2346 male
1355 2286 1375 2341 A
1394 2286 1429 2342 13

229 2393 248 2432 a
268 2372 433 2434 Theodora
459 2376 609 2436 factorum
640 2375 901 2480 comprobandam
926 2374 1052 2435 eruditis
1079 2377 1152 2434 viris
1182 2375 1255 2432 satis
1282 2371 1341 2432 hoc

228 2477 295 2518 esse
316 2469 431 2539 potest,
454 2459 537 2540 qnod
559 2481 600 2519 ex
621 2473 764 2521 consueta
780 2463 904 2541 imperii
924 2481 960 2520 ac
980 2462 1153 2541 principum
1175 2461 1342 2517 reverentia

228 2545 311 2602 solet·
333 2549 483 2625 usurpari.
524 2548 604 2604 Nam
629 2545 667 2604 de
689 2550 850 2606 Anastasio
878 2549 1066 2624 imperatore
1082 2547 1258 2618 Haeretico,
1288 2545 1342 2623 qni

228 2627 374 2688 divinitus
391 2631 549 2688 fulmine
540 2643 618 2691 ictus
639 2635 770 2707 interiit,
797 2633 982 2690 lastinianus
1005 2631 1128 2688 novella
1138 2632 1342 2732 quinquage-

227 2714 305 2771 sima
325 2732 424 2787 nona,
447 2725 477 2772 et
497 2717 571 2774 alibi
592 2737 683 2797 saepe
701 2720 761 2792 ait,
784 2710 1018 2790 Ἀνιισιιισιος
1000 2719 1092 2794 στῆς
1113 2707 1267 2814 εὐσεβοῦς.
1281 2706 1342 2793 λή-

226 2798 313 2871 ξεως.
354 2798 547 2856 Anastasius
572 2803 628 2876 qni
648 2804 702 2878 pie
731 2812 872 2860 mortuus
902 2813 957 2860 eet.
999 2802 1040 2858 Et
1060 2803 1108 2858 vir
1133 2801 1341 2859 sanctissinum

226 2882 323 2941 Sabas
343 2901 413 2940 cum
433 2881 543 2941 eodem
562 2885 721 2943 Haereticc
742 2889 924 2963 imperatore
952 2885 1082 2984 loquens
1103 2887 1221 2942 vertisse
1243 2903 1276 2942 se
1298 2886 1341 2940 ait

227 2967 273 3040 εἰς
293 2962 328 3030 td
348 2971 558 3048 προσκυνῆσαι
579 2964 616 3029 ιιι
639 2969 708 3048 ἴχνη
732 2972 789 3048 τῆς
813 2966 904 3048 uperi
905 2990 961 3049 ρας
986 2961 1156 3046 εὐσεβείας,
1183 2964 1230 3024 ad
1257 2964 1341 3023 ado-

227 3050 331 3110 randa
358 3055 491 3132 νιιιίςία
519 3063 637 3111 vertrae
657 3056 805 3132 pietatis,
837 3051 919 3132 apud
939 3053 1090 3131 Cyrillmn
1110 3048 1338 3130 Scythopolita-

226 3156 313 3195 uum.
355 3140 396 3196 Et
424 3136 577 3239 quidquid
606 3149 670 3198 erat
694 3141 913 3226 imperatorum
944 3157 980 3196 ea
1008 3138 1210 3197 venerationis
1237 3136 1338 3194 forma

226 3221 457 3298 nominabatur,
486 3227 630 3303 utpium
641 3225 835 3302 imperium,
862 3227 955 3304 piam
978 3234 1089 3302 caput,
1113 3224 1174 3301 pia
1193 3224 1339 3300 vestigia,

227 3327 268 3364 ac
283 3303 395 3385 pedes,
425 3301 538 3388 ιιισιβῆ
567 3309 692 3388 ἴχνη,
682 3330 715 3366 ιιι
745 3330 794 3387 ep.
816 3310 1029 3388 episcoporum
1058 3304 1098 3366 ad
1126 3308 1340 3366 lastinianum.

225 3394 267 3450 Et
287 3391 481 3451 Marcellinus
499 3391 632 3452 eundem
651 3395 847 3455 Anastasiam
867 3413 970 3454 ιιιιυιι
992 3393 1137 3472 appellat.
1178 3395 1262 3472 Lege
1283 3391 1340 3451 has

225 3486 313 3536 notas
336 3475 376 3534 ad
395 3494 466 3555 pag.
487 3480 527 3539 61
551 3477 607 3535 lin.
624 3483 656 3543 3.

312 3564 348 3620 Ρ.
360 3560 412 3636 41,
425 3565 456 3625 3.
499 3562 627 3640 Sergiue
637 3562 762 3622 Bacchi
773 3562 878 3642 filius]
901 3561 980 3622 Tres
994 3556 1107 3618 Bacchi
1129 3559 1185 3617 filii
1206 3561 1240 3618 ιιι
1252 3561 1351 3618 Afri--

226 3666 302 3705 cana
322 3645 518 3726 expeditione
542 3647 683 3721 fuerunt,
712 3649 828 3727 Cyrus,
850 3649 973 3726 Sergius
996 3656 1027 3704 et
1049 3645 1196 3704 Salomon
1216 3644 1340 3718 iunicr;

225 3751 301 3789 nam
327 3733 429 3790 senior
452 3729 562 3791 horum
592 3734 758 3791 avunculus
782 3744 864 3810 erat,
889 3733 943 3815 qui
969 3741 1040 3812 post
1059 3733 1243 3790 Belisarium
1271 3750 1337 3788 rem

225 3817 378 3894 praeclare
408 3819 501 3896 gessit
528 3828 629 3876 contra
657 3820 858 3894 mauritanea,
889 3838 967 3898 quos
995 3828 1025 3875 et
1057 3820 1181 3876 omnino
1211 3815 1337 3873 delevit.

224 3904 271 3959 lle
292 3913 422 3980 utroque
437 3903 611 3978 Solomone,
633 3899 732 3984 deque
753 3905 853 3984 Sergii
872 3903 1008 3963 moribus
1029 3903 1126 3962 fusius
1149 3911 1239 3980 atque
1256 3900 1337 3956 libe-

225 3989 289 4045 rius
316 3987 421 4046 scribit
449 3990 614 4068 Procopius
642 3989 665 4046 l.
687 3989 803 4052 abeli.
825 3987 922 4049 Vaud.
949 3986 1125 4067 ibidemque
1153 3984 1190 4042 de
1221 3986 1336 4042 Ioanne

225 4073 380 4146 Sisinicli‚
412 4093 490 4154 quae
522 4075 653 4132 multam
681 4073 784 4132 lucem
815 4073 945 4134 afferunt
971 4071 1043 4130 huic
1070 4074 1149 4132 loce.
1193 4071 1336 4128 Memimt

224 4118 399 4216 Solomonis
426 4160 553 4219 senioris
581 4162 706 4241 eiusque
734 4161 850 4239 patriae
876 4157 1056 4220 Solachonis
1083 4152 1334 4235 Theophylactus

225 4243 434 4302 b'imocattal.
457 4247 527 4306 2⁰.
547 4245 581 4307 3.

310 4326 406 4403 Eli,
415 4331 467 4394 10.
488 4329 657 4408 Areobyntl
654 4329 689 4409 ιι]
706 4330 832 4407 Legitur
843 4339 873 4388 et
880 4321 1069 4405 Areobynda,
1083 4323 1227 4398 allueret,
1243 4342 1336 4403 quem

225 4413 282 4473 sub
296 4415 455 4476 Anastasio
469 4417 601 4498 populus
617 4416 831 4498 imperatorem
852 4412 1061 4488 consalutarit,
1083 4421 1117 4472 ut
1137 4410 1240 4472 scribit
1254 4411 1337 4467 lilar-
