3125 4959
247 422 323 499 440
597 425 642 493 ιιι
666 426 777 494 nisu.
803 403 1001 493 ιιοιιιιι

247 593 468 674 Hierosolymis
490 589 549 656 1.5
571 601 600 650 et
624 589 662 650 de
684 593 753 652 aliis
776 592 860 650 alibi.
903 593 985 670 Ergo
1003 591 1208 650 Iustiniannm
1228 599 1274 650 tot
1294 588 1355 650 dis·

248 681 370 759 ciplinis
406 689 543 738 ornatum
575 681 683 738 merito
713 676 934 738 Tlreodahatus
968 696 1023 734 rex
1051 675 1233 734 Gotthorum
1267 677 1356 734 modo

247 765 512 842 sapientissimus
533 765 752 844 imperatorem,
773 762 865 822 modo
883 763 1056 842 principem
1075 761 1199 822 doctum
1221 763 1358 840 appella-

250 851 296 907 rit
318 847 398 928 apud
419 846 671 907 Cassiodortunl.
694 851 742 911 10
764 852 835 908 Var.
857 851 945 927 epist
967 849 1040 908 9et
1060 850 1112 910 22
1154 849 1196 905 Et
1212 850 1239 904 A
1241 845 1356 925 gatbias

250 933 285 992 in
315 936 468 1038 prooemio
504 953 576 992 suae
612 936 798 994 collectionis
837 936 1107 1012 epigrammatum,
1145 926 1222 994 dtld
1258 935 1359 1006 σοφοῦ

250 1016 423 1081 ιιιειὶνοισιν
445 1013 597 1097 ὁμιλήσεις
622 1021 777 1100 βασιλῆος
819 1020 887 1077 Et
879 1037 912 1076 ιιι
933 1018 1135 1075 vetustissimo
1155 1019 1358 1096 manuscripto

252 1099 319 1161 cod.
342 1105 406 1162 Vat.
430 1101 513 1166 1342
540 1103 613 1182 legi.
646 1105 766 1181 Quinta
794 1098 1058 1181 sanctasynodus
1082 1101 1360 1180 Constantinopoli-

213 1217 214 1221 *
251 1199 328 1246 tuna
347 1188 532 1267 temporibus
549 1187 720 1248 Iustiniani
746 1205 933 1247 nocrrssrssr
960 1189 1165 1267 imperatorie.
1207 1189 1360 1246 Genuinos

249 1273 409 1332 Iustiniani
432 1273 523 1330 libros
544 1273 635 1350 paulo
657 1283 727 1330 aute
746 1274 984 1348 numeravimus,
1006 1282 1041 1330 nt
1059 1275 1176 1352 spurios
1193 1274 1361 1330 reiiciamus

248 1355 300 1416 hic
321 1359 406 1416 locus
426 1358 578 1436 postulare
599 1355 727 1416 ridetur.
770 1360 806 1415 ln
826 1360 911 1417 calce
932 1355 1067 1416 chronici
1088 1359 1275 1416 Cassinensis
1304 1360 1362 1415 cir·

249 1443 459 1501 cumfernntur
485 1444 607 1500 nomine
636 1444 797 1500 iustiniani
824 1454 945 1503 notatae
975 1442 1121 1521 epistolae
1149 1441 1188 1500 ad
1216 1443 1362 1520 Vigilirun

248 1545 371 1607 papam,
394 1526 433 1585 ad
453 1526 615 1586 Placidum
635 1537 812 1606 martyrem,
835 1538 866 1585 et
886 1529 1080 1606 privilegium
1096 1528 1271 1586 Carrinensi
1285 1529 1362 1586 Coe·

249 1613 341 1672 nobio
370 1629 564 1682 conoessum3
592 1621 749 1688 praeterea
767 1608 947 1668 Theodorae
976 1610 1016 1668 ad
1041 1610 1172 1670 eundem
1185 1611 1362 1687 Placidum,

250 1707 282 1754 et
302 1699 407 1773 Vigilii
427 1694 469 1752 -ad
487 1697 701 1768 Iustiuieuum,
724 1703 756 1752 et
776 1695 898 1774 siquae
921 1695 999 1752 aliae
1020 1695 1063 1750 ibi
1085 1707 1155 1752 sunt
1171 1695 1363 1775 Pseudogor-

253 1779 338 1837 diani
365 1781 504 1853 litterae,
533 1781 586 1859 qui
606 1779 766 1838 iustiniani
795 1781 880 1838 iussu
907 1781 1004 1838 sancti
1026 1778 1143 1836 Placidi
1171 1783 1267 1851 ritum
1288 1785 1364 1839 scri·

252 1867 350 1943 psisse
380 1883 412 1922 se
441 1861 613 1923 mentitumv
643 1868 674 1923 ls
702 1883 773 1942 ergo
800 1865 975 1923 Tertullum
1002 1865 1165 1942 patricium
1194 1866 1365 1923 Romanum

253 1950 414 2008 iustiniani
434 1946 645 2032 exadelphum,
667 1958 699 2008 et
718 1946 900 2009 Theodorus
915 1959 1091 2029 cognatum,
1113 1948 1274 2007 Placidrun
1295 1970 1365 2008 rero

251 2036 410 2114 utriusque
432 2043 567 2113 nepotem
585 2043 683 2092 vocet.
726 2033 807 2107 Quid
827 2036 966 2093 Tertullo
990 2054 1061 2092 cum
1081 2037 1247 2093 lustiniouo
1264 2035 1364 2092 Bede-

251 2121 336 2177 rinae
357 2129 429 2177 nato
450 2119 558 2177 lustini
580 2119 728 2196 agricolae
750 2116 884 2199 nepotel
915 2117 994 2191 Quid
1016 2139 1086 2177 cum
1106 2117 1269 2180 Theodora
1296 2141 1364 2178 me-

250 2205 393 2263 retricula
415 2207 534 2262 scenica
551 2204 654 2262 Acocii
671 2205 786 2262 Ursarii
806 2200 893 2262 fluat
922 2207 1020 2276 Onam
1038 2205 1165 2283 prolem,
1190 2224 1265 2284 quos
1286 2207 1363 2265 libe-

250 2309 300 2349 ros
322 2309 393 2348 suos
412 2275 598 2347 lastinianus
619 2306 654 2348 sc
668 2286 830 2348 Theodora
852 2287 1021 2348 identidem
1040 2301 1288 2364 commemorant,
1311 2291 1364 2370 qui

251 2378 349 2433 sancti
371 2375 470 2432 Sabae
497 2373 636 2454 precibus
664 2392 703 2433 ne
729 2376 779 2433 vel
801 2395 899 2433 unum
920 2375 1056 2433 obtinere
1077 2375 1137 2432 sibi
1161 2395 1364 2435 successorem

146 2463 261 2523 vdit
252 2461 375 2539 imperii
395 2455 581 2538 potuerunti
612 2460 670 2532 Qui
696 2469 797 2539 potest
816 2462 946 2540 Vigilius
975 2471 1007 2518 et
1029 2463 1154 2540 quintae
1178 2460 1288 2540 synodi
1308 2480 1364 2541 pa-

252 2555 315 2604 tres
335 2546 430 2602 vitam
448 2541 647 2604 Tlreodorce
647 2547 773 2624 precari,
796 2563 875 2626 quae
895 2547 993 2604 vitam
1014 2565 1086 2604 cum
1105 2556 1219 2604 morte
1226 2549 1365 2626 quintum

253 2631 318 2688 iam
339 2649 454 2687 annum
476 2632 544 2690 ante
566 2649 640 2691 eam
653 2629 808 2708 synodum
830 2627 1058 2690 commutarat?
1080 2629 1176 2690 Sedet
1197 2633 1366 2690 autemid-

253 2715 379 2795 gilius
370 2735 403 2773 ιιι
427 2735 463 2774 eo
485 2716 628 2790 concilio,
650 2713 690 2774 ad
712 2714 794 2796 quod
815 2735 872 2774 nec
893 2727 1000 2796 sponte
1023 2718 1166 2790 accessit,
1196 2726 1227 2775 et
1248 2727 1368 2795 rogatus

251 2812 416 2862 venturum
442 2820 475 2859 se
501 2796 649 2880 negas-iti
678 2802 747 2860 Ex
745 2799 934 2881 patriurchis
956 2821 1034 2860 unus
1055 2804 1090 2858 in
1116 2761 1225 2860 eadem
1255 2797 1369 2878 synodo
1461 2852 1463 2859 ,

161 2893 186 2945 Α
203 2889 239 2947 89
256 2884 355 2944 defuit
368 2883 551 2944 Eustochiae
565 2887 887 2966 Hierosolymitanu83
894 2886 1181 2966 Pseudcgordianus
1195 2885 1276 2942 male
1298 2905 1369 2942 cau-

253 2982 304 3030 tus
327 2991 399 3028 cum
420 2971 545 3052 reliquis
564 2971 700 3050 patribus
722 2991 795 3029 eum
814 2983 964 3046 numerat,
988 2974 1145 3030 Domuum
1168 2989 1240 3028 vero
1261 2972 1368 3028 Antio-

254 3055 397 3158 clienum,
420 3057 473 3136 qui
494 3058 657 3116 conventui
677 3058 830 3132 intererat,
853 3016 1001 3114 excludit.
1044 3056 1098 3111 Ait
1117 3055 1259 3133 epistolas
1278 3057 1368 3113 lusti-

253 3143 340 3198 niani
367 3151 397 3199 et
417 3139 599 3203 Theodorus
630 3139 670 3199 ad
697 3140 894 3199 Placidum
884 3160 918 3196 ιιι
946 3140 1084 3198 Siciliam
1109 3159 1165 3218 per
1186 3141 1368 3198 Belisarium

255 3227 365 3284 missas
387 3227 481 3283 fuisse
502 3244 583 3286 anuo
612 3226 734 3302 imperii
758 3223 957 3297 duodecim03
987 3235 1052 3283 tum
1079 3226 1194 3283 scilicet
1216 3245 1287 3284 cum
1307 3229 1369 3284 Be·

151 3317 153 3322 ’
255 3309 378 3367 licerius
399 3311 514 3366 Romae
537 3311 681 3386 al'itige,
704 3307 885 3390 Gottlrisqne
907 3309 972 3368 dira
992 3307 1150 3370 obsidione
1164 3312 1368 3389 premebatur.

256 3391 339 3465 Quid
360 3390 399 3450 de
420 3396 500 3452 notis
523 3395 693 3468 consulum,
716 3393 790 3476 quid
811 3394 849 3452 de
870 3397 945 3475 ipsis
966 3395 1141 3454 consulibus
1164 3395 1274 3470 dicam,
1299 3397 1370 3475 qui-

255 3477 315 3537 bus
337 3497 391 3535 eae
412 3477 529 3538 litterae
551 3481 742 3558 corrsign'atae
764 3476 938 3540 habentur-i
967 3483 1003 3538 lu
1025 3478 1074 3538 his
1093 3478 1171 3538 nihii
1188 3483 1300 3559 integri
1320 3481 1370 3538 vel

255 3559 324 3622 sani
352 3573 408 3622 est.
451 3564 651 3642 Pririlegium
679 3566 908 3625 Cassinensibus
938 3562 1096 3623 monachis
1124 3563 1231 3624 datmn
1260 3563 1370 3624 iisdem

255 3649 320 3706 illis
342 3648 612 3728 subscriptionibus
642 3648 834 3727 exploditur,
865 3651 976 3729 quibus
1000 3654 1151 3708 minutum
1173 3648 1253 3708 illud
1273 3652 1369 3709 voluit

256 3731 551 3812 Psendcgordianus.
594 3735 717 3793 Primus
739 3734 900 3792 subscribit
920 3736 1101 3794 iustinianus
1131 3755 1172 3793 ex
1193 3737 1287 3813 stirpe
1308 3739 1370 3794 Ae·

257 3815 368 3874 neada.
411 3817 490 3890 Quid
519 3815 588 3878 uisi
618 3821 680 3878 nisi
700 3820 792 3899 plane
814 3818 893 3881 nihil
914 3823 1010 3898 sapis,
1039 3841 1104 3879 rem
1126 3820 1268 3878 omnibus
1293 3819 1370 3878 scri·
1443 3850 1445 3856 ·

256 3903 395 3982 ptoribus
416 3923 528 3962 noram
550 3915 579 3962 et
600 3906 691 3984 plane
712 3902 883 3963 inauditam
904 3925 1016 3964 narras.
1060 3903 1221 3966 Secundus
1238 3907 1369 3964 lustinus

258 3987 380 4045 Caesar.
424 3989 625 4046 Iustinirnum
645 3991 798 4049 nullrnn
789 3993 910 4092 imperii
930 3989 1071 4050 babuisse
1093 3992 1211 4048 socium
1227 3993 1295 4068 quis
1315 4012 1370 4049 ne-

258 4075 316 4132 scrt
325 4071 342 4130 l
361 4093 424 4151 par
441 4075 525 4131 curis
539 4076 670 4134 lustinus
692 4077 751 4135 fuit
772 4080 838 4134 seul
856 4080 918 4133 iam
939 4088 969 4135 et
989 4097 1068 4156 pene
1084 4074 1179 4133 deliro
1194 4078 1369 4151 iustiniauo,
1403 4080 1406 4087 '

257 4139 314 4218 sed
336 4154 513 4217 diademate
526 4155 652 4238 dispar,
674 4181 774 4241 neque
797 4162 862 4220 eius
883 4159 977 4236 filius,
995 4160 1052 4221 sed
1070 4162 1247 4222 Dulcissimi
1268 4173 1298 4219 et
1318 4163 1370 4221 Vr-

259 4244 411 4322 gilontiae.
454 4244 579 4304 Tertius
609 4243 819 4306 Theudoricus
850 4267 906 4305 rex
932 4246 1130 4320 Gotthornm,
1162 4248 1215 4325 qui
1244 4258 1313 4305 ante
1339 4245 1371 4304 id

257 4338 379 4408 tempus
402 4347 463 4410 quo
495 4328 601 4388 datum
629 4332 689 4389 fuit
713 4330 793 4390 illud
819 4333 1029 4412 privilegium,
1057 4334 1166 4410 viginti
1187 4342 1216 4389 et
1240 4334 1371 4412 amplius

258 4433 354 4474 annos
376 4414 458 4474 diem
487 4415 612 4476 obierat.
656 4420 786 4492 Quartus
809 4412 1309 4499 Betisarius,1quiturnucum,
1338 4426 1371 4477 ut
