3125 4959
268 448 355 493 xxrr
599 426 797 492 semmaath
818 426 1040 494 PRAEFATIO.

352 595 454 675 Nostra
474 617 543 661 vcro
565 593 707 661 translatio
728 598 870 663 sententiis
895 597 1005 685 quidem
1027 598 1064 663 ad
1084 599 1213 665 Graecae
1233 597 1366 663 historiae

270 696 371 776 fldem,
401 699 511 774 verbis,
542 711 570 763 et
583 699 671 762 modis
685 698 721 762 ad
741 699 867 763 Latinam
885 701 1107 767 consuetudinem
1130 701 1201 787 aptis
1214 702 1366 786 composita

159 807 184 860 v
200 808 253 863 276
270 812 321 865 est.
364 800 395 881 ld
411 822 499 889 genus
515 799 710 884 interpretandi
726 824 786 866 cum
800 802 982 889 Hieronpmo,
1008 826 1043 867 ac
1059 804 1188 868 universa
1208 802 1367 888 antiquitate

269 902 398 989 optimam
418 916 498 990 puto;
523 902 596 965 etsi
620 901 762 967 historiam
786 904 991 990 interpreteris,
1025 903 1053 967 id
1073 906 1193 969 maxime
1218 904 1368 969 convenire
1433 908 1435 912 ’

267 1025 385 1069 censeo:
421 1004 541 1089 denique
562 1003 586 1067 si
607 1004 682 1069 cuins
712 1004 826 1069 alterins
846 1005 1006 1091 scriptoris,
1037 1005 1165 1091 Procopii
1186 1020 1263 1070 certe
1284 1006 1367 1094 stylus

267 1106 323 1171 hoc
342 1106 369 1169 iu
387 1105 480 1193 primis
494 1107 636 1193 roquirere
650 1127 762 1193 semper
776 1107 852 1171 risus
863 1120 905 1172 est
918 1107 1004 1182 mihi,
1028 1107 1103 1171 cuius
1122 1108 1237 1171 formam
1258 1108 1369 1172 dicendi

266 1210 291 1271 si
305 1221 430 1293 spectes,
457 1230 493 1273 ea
507 1208 664 1295 sophisticis
680 1223 790 1297 compta
812 1223 855 1273 est
874 1209 1033 1286 lenociniis,
1058 1210 1208 1294 Attii-isque
1227 1210 1369 1295 leporibus

267 1309 304 1371 ad
322 1312 533 1374 ostentationem
557 1309 702 1386 instructa,
738 1335 755 1375 a
777 1334 831 1399 quo
857 1311 990 1376 orationis
1011 1310 1106 1376 habitu
1126 1312 1223 1375 Latina
1243 1312 1368 1399 grauitas

269 1410 432 1493 praesertim
451 1412 477 1475 in
491 1412 607 1475 historia
622 1436 702 1499 qnam
723 1414 874 1477 abhorreat
899 1434 980 1478 nemo
998 1412 1094 1475 nescit.
1138 1411 1368 1499 Operuepretium

269 1533 325 1575 nou
338 1525 380 1576 est
394 1514 486 1578 omnia
502 1534 665 1589 recensere;
694 1516 744 1579 scd
758 1515 826 1579 nihil
839 1529 965 1603 gastrim,
991 1513 1145 1600 luctumque
1164 1514 1315 1600 Procopius
1328 1517 1368 1577 di·

269 1600 322 1687 cit,
351 1613 403 1677 nisi
424 1637 476 1699 per
489 1637 566 1679 snam
581 1615 655 1680 illam
678 1631 839 1703 perpetuam
861 1616 1049 1703 periphrasin,
1074 1615 1209 1679 utstatim
1229 1616 1258 1680 iu
1279 1618 1370 1679 lrouto

270 1714 345 1803 logis
369 1714 438 1784 τόδε
453 1719 603 1803 ,γενέσθαι
633 1721 823 1803 ξυνηνέχθη,
863 1722 989 1799 ξυνέβη,
1025 1717 1187 1796 amissos,
1220 1714 1368 1799 τετύχηκε.

179 1812 202 1865 Α
220 1814 253 1868 ¹⁶
270 1818 332 1881 Nec
345 1817 432 1882 minus
447 1816 587 1884 ollcudunt
603 1817 641 1881 in·
655 1832 710 1883 tam
726 1821 801 1883 claro
822 1820 957 1904 scriptore
974 1818 1107 1882 orationis
1128 1819 1193 1883 illan
1208 1820 1368 1905 particulae,

270 1936 341 2005 quac
357 1921 463 2007 passim·
471 1920 636 1995 redundant,
666 1920 755 2005 potius
770 1922 806 1984 ad
821 1922 912 1985 levem
924 1921 1062 2006 quendam
1085 1934 1209 1986 ornatum
1231 1921 1370 2006 Sophistis

270 2021 440 2109 exquisitae,
470 2043 551 2106 quarn
571 2020 608 2083 ad
633 2019 793 2086 historicam
813 2022 986 2111 grauitatem.
1029 2021 1181 2087 Praeterea
1202 2035 1289 2085 scatet
1310 2024 1373 2087 eins'

269 2125 359 2188 oratio
373 2122 599 2210 frequentissimis
613 2123 831 2201 transitionibus,
860 2137 888 2188 ct
902 2123 1024 2211 epilogis
1045 2123 1081 2186 ad
1096 2122 1272 2188 brevissimas
1288 2148 1367 2211 quas·

270 2246 324 2311 quo
346 2224 568 2290 narratiunculas.
611 2225 672 2288 Huc
691 2227 824 2290 accedunt
851 2226 918 2302 illa,
947 2247 1019 2312 qnae
1039 2225 1163 2290 asiatico
1184 2228 1294 2291 dicendi
1316 2249 1368 2315 ge·

268 2348 336 2412 nere
348 2328 392 2391 vol
414 2350 469 2392 non
484 2340 637 2415 opportuno
659 2326 790 2402 inculcat,
814 2326 859 2390 rel
873 2327 1003 2415 longiore
1017 2328 1164 2392 uerborum
1178 2331 1279 2395 anubim
1300 2331 1368 2394 dila·

268 2440 316 2491 tat.
359 2430 503 2509 Quaedam
517 2430 599 2494 ctiam
613 2451 677 2495 csse
692 2429 718 2492 in
733 2424 788 2491 hac
802 2426 917 2493 historia
932 2432 1032 2507 rideo,
1059 2454 1132 2519 qnae
1156 2434 1199 2513 (ut
1219 2430 1246 2494 in
1261 2421 1369 2519 scriptis

266 2522 441 2609 α’νεκδότοις
461 2531 621 2619 plerumque
647 2531 765 2606 accidit,
797 2532 886 2596 etde
916 2532 973 2597 seis
996 2533 1116 2603 all'umat
1143 2533 1262 2613 Tullius)
1283 2534 1370 2597 miuus

266 2633 406 2719 perpolita
427 2634 574 2720 limataquo
602 2634 674 2697 sint:
704 2655 772 2696 sane
788 2632 817 2695 iu
838 2632 894 2697 hoc
914 2634 1078 2700 breuissime
1099 2634 1195 2700 libelle
1214 2636 1370 2699 sexcenties

266 2736 412 2822 repetitam
436 2736 525 2801 hahes
547 2737 622 2801 illam
646 2758 744 2801 rocem
768 2740 924 2820 ληΐζομαι,
953 2759 990 2801 nc
1016 2738 1106 2801 dicam
1132 2739 1168 2802 dc
1196 2738 1271 2813 aliis,
1297 2757 1369 2821 qnae

266 2837 360 2902 omnia
380 2838 404 2901 si
423 2839 522 2902 Latina
543 2839 680 2903 modestia
702 2851 730 2902 ct
749 2838 921 2926 gravitates
938 2860 984 2902 nne
1003 2852 1156 2925 temperata
1180 2849 1253 2913 suunt,
1288 2837 1370 2924 acqui

267 2937 387 3027 bonique
403 2941 429 3004 id
446 2942 568 3005 consulat
581 2944 700 3018 Lector,
726 2940 769 3005 cui
792 2952 819 3005 nt
833 2941 915 3005 lidarn
935 2942 1002 3003 dare
1019 2932 1162 3004 historiam
1183 2938 1232 3003 tuit
1254 2934 1368 3016 animus,

267 3038 306 3103 ita
318 3064 375 3107 non
389 3040 509 3127 inoptam
524 3028 676 3108 curarimus
692 3041 956 3126 interpretationem.

164 3152 255 3208 PXX
356 3143 472 3207 Nostras
504 3144 532 3207 in
566 3140 645 3206 calco
677 3142 740 3205 libri
771 3142 860 3205 Notos
888 3140 1056 3219 addidimus,
1098 3163 1203 3229 easque
1233 3141 1370 3229 duplicem

271 3245 435 3319 Censorias,
465 3245 560 3334 quihus
583 3245 720 3307 Graccum
749 3245 904 3307 contextum
928 3243 1034 3307 mendis
1055 3246 1248 3327 emaculatum,
1279 3243 1369 3327 quoad

271 3348 332 3412 heri
358 3349 462 3433 potuit,
493 3348 647 3411 nitidiorem
682 3345 812 3433 legeres;
838 3345 1003 3421 historicas,
1031 3345 1128 3430 quihus
1156 3344 1309 3408 universam
1332 3344 1369 3408 de

271 3450 417 3515 lastiniauo
441 3451 582 3515 historiam
603 3450 761 3514 illustratam
780 3462 808 3512 et
823 3447 1008 3511 conlirmatam
1028 3446 1159 3513 haberes.
1202 3447 1328 3533 Denique
1341 3447 1371 3511 in

272 3552 328 3616 hoc
341 3552 436 3615 libello
449 3576 485 3617 ne
502 3551 681 3617 testimouium
696 3548 861 3633 antiquitatis
877 3547 1013 3633 hdemque
1028 3550 1216 3626 desiderares,
1246 3549 1370 3614 Scidiani

270 3667 300 3717 et
313 3654 439 3719 Vaticani
455 3654 566 3717 Codicis
581 3651 756 3714 collationem
776 3648 841 3713 hinc
861 3647 925 3712 indo
940 3650 1100 3737 decerptam
1121 3653 1284 3727 adiecimus;
1307 3676 1369 3715 narn

270 3778 307 3818 ex
324 3756 420 3841 priscis
433 3756 572 3828 omnihus,
596 3768 621 3817 ut
638 3752 704 3815 alihi
728 3750 800 3825 dixi,
827 3774 894 3814 unus
915 3750 1016 3814 Suidas
1037 3754 1109 3818 hanc
1130 3756 1199 3843 legit
1218 3755 1368 3830 historiam,

270 3858 343 3942 quaed
359 3856 440 3919 etiam
456 3881 491 3920 ex
506 3857 582 3921 hisce
602 3870 723 3920 ueterum
739 3854 884 3927 Anterum,
911 3854 957 3939 qui
983 3854 1127 3941 Procopii,
1153 3858 1266 3944 eiusque
1286 3858 1368 3922 lihro·

270 3980 330 4021 rum
344 3958 534 4037 rticiuiucruut,
564 3959 724 4026 testimoniis
741 3954 832 4021 obiter
853 3954 1013 4045 intelligere
1031 3970 1119 4044 potes.
1183 3943 1185 3948 ⁵

673 4220 975 4235 ..ιιι-,Μ
