3125 4959
250 446 325 523 384
596 447 645 519 IN
669 449 780 519 nist.
804 447 999 517 nnumin

248 619 376 700 coneric·
418 611 465 680 iu
484 610 671 682 summota
691 609 841 697 ὄρνιθίων
860 615 962 699 ἔφαγε.
1004 612 1057 680 καὶ
1076 608 1125 680 b'u
1145 609 1258 686 aalide
1274 607 1353 694 ὥρας

245 701 439 787 yososlsclue
465 707 564 766 ποιῶν
590 698 714 783 iuxtra,
740 701 794 766 nal
822 697 898 765 silla
923 699 1041 765 τούτων
1068 695 1351 782 nusuyelucso'tsou:

245 786 326 869 quid
348 785 445 846 libelli
473 789 659 847 continerent
679 790 916 867 operaepretium
937 798 982 845 est
1005 784 1131 859 audire,
1160 805 1199 842 ac
1220 794 1284 841 tum
1304 785 1353 861 ejl·

236 877 317 953 sure
335 870 441 933 ridere.
483 873 673 953 Eutychium
690 874 890 952 gallirsarum
908 873 1020 952 lupar,
1040 884 1068 930 et
1088 866 1236 930 intestina
1256 889 1354 926 come-

246 958 340 1034 disse,
362 958 537 1037 multaeque
556 960 651 1018 leorae
664 956 702 1017 de
714 960 870 1039 geniculis
891 957 1008 1018 arando
1022 959 1244 1036 consumpsisse
1250 977 1263 1025 ,·
1280 954 1355 1012 lrnec

245 1046 280 1102 in
294 1044 396 1118 illum,
418 1054 447 1100 et
461 1044 514 1101 leis
532 1044 652 1103 similia
667 1046 737 1102 risu
749 1043 907 1125 digniora.
949 1047 989 1103 Et
1001 1045 1102 1102 mariti
1116 1043 1235 1099 aemula
1249 1038 1354 1097 Theo-

245 1123 319 1188 dora
339 1126 450 1187 iisdem
471 1131 587 1190 artibus
607 1132 641 1188 in
661 1130 833 1210 Sylrerium
854 1150 910 1191 usa
931 1140 986 1203 est,
1007 1149 1080 1187 unm
1100 1131 1187 1184 misit
1207 1129 1355 1185 iussiones

244 1211 291 1272 ud
302 1215 494 1272 Beliearinm
514 1218 564 1274 ita
584 1219 767 1275 continentes
773 1239 785 1290 ,·
807 1215 875 1276 vide
896 1217 1024 1296 aliquae
1045 1215 1217 1274 occasiones
1238 1215 1270 1270 in
1286 1211 1355 1287 Syl-

244 1301 363 1360 eertum
378 1320 510 1379 papam,
530 1311 559 1360 et
580 1299 694 1381 depone
714 1303 807 1360 illum
823 1303 863 1361 ab
880 1306 1073 1380 episcopatu,
1093 1309 1151 1358 aut
1172 1308 1249 1356 certe
1261 1298 1356 1375 sesti-

245 1405 307 1459 nue
324 1388 499 1445 transmitte
519 1384 566 1445 ad
583 1408 649 1448 nos.
691 1389 798 1447 Anasi.
818 1391 850 1446 in
870 1389 1019 1468 Sylrerio.

332 1472 369 1528 P·
387 1475 446 1545 66,
467 1470 501 1534 l·
542 1473 584 1532 In
603 1471 662 1531 leoc
681 1476 762 1530 enim
784 1474 843 1531 illa
865 1476 960 1552 plone
981 1468 1189 1552 repugnabat]
1217 1469 1284 1525 Non
1305 1484 1355 1523 so-

246 1551 314 1610 lum
334 1553 524 1634 Euplsemia3
554 1554 609 1616 sed
638 1559 729 1616 etiam
744 1560 917 1617 ¹Iustiniani
945 1568 1043 1616 mater
1070 1556 1252 1634 Bigleniza,
1276 1548 1358 1631 qnod

248 1658 320 1696 cum
342 1643 479 1700 evincere
500 1643 555 1701 ille
575 1645 772 1724 nequivisset,
795 1654 829 1704 ut
851 1641 1043 1726 Theophilus
1063 1642 1096 1700 iu
1118 1643 1180 1699 sita
1199 1636 1357 1696 Iustiniani

248 1725 395 1800 affirmat,
417 1747 554 1788 moerore
573 1730 739 1789 contabuit.

331 1812 368 1870 P·
390 1815 446 1887 66,
469 1812 501 1873 8.
555 1813 633 1873 ciem
655 1835 713 1872 ruo
741 1815 862 1871 numine
882 1834 958 1871 saise
984 1804 1208 1890 ignominioso]
1238 1802 1275 1863 Id
1301 1813 1356 1874 est,

247 1895 442 1974 Lupicinae,
462 1900 527 1955 sire
546 1900 720 1975 Lupiciae:
740 1916 813 1955 nam
833 1899 981 1955 vilisshna
1002 1906 1100 1955 scorta
1119 1894 1227 1952 Latine
1248 1892 1358 1969 Lupus

158 1985 180 2036 Α
196 1984 233 2039 36
249 1978 389 2039 dicimus.
431 1979 612 2041 Theodorus
631 1984 756 2041 Lector:
779 1975 912 2062 σύμβιον
931 1977 1008 2060 εἶχεν
1029 1975 1154 2059 ὀνόματι
1173 1977 1360 2049 Anastasius,

246 2060 288 2144 ἢν
302 2062 470 2145 γενομένην
481 2060 664 2148 Αὕγούσταν
677 2061 849 2146 Elusates
864 2067 897 2129 oi
914 2062 1041 2146 δημόται
1060 2058 1232 2142 ω’νόμασαν.
1279 2060 1359 2119 Cou-

245 2152 349 2227 iugem
368 2149 480 2208 babuit
501 2154 621 2211 nomine
633 2154 812 2230 Lupiciam,
835 2173 931 2231 quum
952 2161 1087 2209 creatam
1100 2148 1282 2225 Augustam
1297 2163 1358 2222 po-

240 2235 343 2314 pulus
364 2236 569 2313 Erspleemiam
596 2239 727 2298 uacauit.
770 2240 806 2292 In
836 2236 965 2314 publicis
992 2231 1275 2301 acclamationibns3
1303 2232 1357 2285 lu-

248 2338 352 2378 saise.
379 2339 455 2380 suc.
485 2338 541 2380 rr.
567 2337 694 2379 vincas.
726 2322 908 2378 Burrenum.
931 2337 1007 2378 suc.
1033 2335 1089 2376 rr.
1112 2334 1237 2377 vincas.
1265 2319 1298 2371 ¹et
1324 2316 1356 2370 in

245 2407 371 2483 antiqua
399 2406 607 2484 inscriptione.
657 2406 792 2463 Domni.
822 2422 953 2464 rossus.
983 2422 1091 2462 nnms.
1117 2406 1277 2466 Iusrsnus.
1306 2418 1356 2456 er.

245 2491 425 2547 Eunaeum.
446 2509 492 2547 rr.
514 2508 612 2549 sucu.
655 2492 710 2548 Pia
731 2489 866 2548 foemIna
887 2499 1029 2548 reiterata
1050 2498 1095 2548 est
1115 2497 1278 2566 martyrem
1294 2487 1357 2541 lin·

245 2571 402 2652 phemiam
423 2593 484 2631 non
506 2575 607 2634 solum
628 2577 761 2634 nominis
780 2587 913 2651 tessera,
946 2573 1000 2633 sed
1028 2576 1121 2632 etiam
1141 2573 1256 2649 templo
1277 2571 1359 2627 Cors-

245 2661 444 2738 stantinopoli
468 2661 629 2739 magnilica
656 2672 843 2734 constructo,
872 2663 904 2719 in
928 2679 988 2740 epto
1018 2661 1075 2717 sibi
1097 2669 1227 2717 statuam
1248 2657 1358 2734 posuit.

245 2738 415 2822 Εὕφημίας
439 2747 494 2823 τῆς
519 2741 660 2825 γυναικός
685 2740 923 2808 incestuosos
947 2742 1064 2828 Θρᾳκὸς
1086 2739 1181 2822 στήλη
1202 2743 1303 2804 ἵστατο
1326 2739 1358 2800 ἐν

248 2832 285 2910 τῇ
306 2827 378 2913 ἆγίςς
400 2823 554 2918 Eloquia
578 2835 618 2916 τῇ
637 2827 699 2894 tino*
720 2827 817 2911 αὐτῆς
836 2832 1004 2914 κτισθείσῃ.
1047 2830 1235 2909 Euplzenriae
1256 2827 1359 2882 uxoris

246 2915 365 2974 Iustini
393 2915 520 2973 Plancis
548 2926 658 2975 statua
683 2928 727 2975 est
755 2919 790 2976 in
819 2918 929 2996 templo
958 2926 1083 2976 sanctae
1104 2913 1293 2993 Euplgemiae
1319 2909 1358 2966 ab

250 2997 356 3056 eadem
377 2998 548 3078 aedificato.
592 3000 715 3060 Suidas.

336 3087 371 3143 P·
390 3088 442 3159 66,
465 3089 495 3147 9.
537 3088 628 3145 Ilaec
647 3109 708 3146 non
730 3088 777 3145 ita
798 3087 896 3144 multo
914 3095 986 3164 post
1010 3080 1123 3144 excedit
1146 3104 1160 3140 e
1180 3079 1266 3160 vita]
1294 3082 1358 3137 Non

251 3165 356 3229 dubito
389 3173 463 3250 quin
487 3182 556 3230 ante
586 3192 700 3231 srmum
727 3174 847 3250 imperii
877 3182 1016 3246 sextum,
1050 3189 1110 3250 spuo
1133 3165 1301 3237 cedrenus,
1327 3173 1360 3220 nt

251 3274 328 3312 mox
349 3253 459 3328 dicam,
483 3256 672 3336 Euplsemiae
694 3259 812 3318 obitum
834 3276 993 3337 perperam
1014 3265 1110 3316 notnt.
1151 3257 1230 3313 Nam
1251 3251 1360 3308 salsum

252 3341 376 3398 omnino
399 3339 475 3398 illud
496 3346 588 3400 etiam
611 3355 666 3417 est,
691 3341 773 3424 quod
796 3341 832 3400 de
855 3341 986 3400 secunda
1008 3342 1113 3401 lustini
1131 3341 1257 3415 coniuge
1279 3334 1360 3394 elisr-

252 3435 327 3484 mnt.
371 3424 478 3501 ἔστεψε
499 3425 532 3489 δὲ
557 3427 608 3490 nul
631 3424 794 3509 ueotdoev
821 3423 879 3505 τὴν
906 3433 1035 3508 γυναῖκα
1065 3419 1161 3488 αὐτοῦ
1183 3416 1361 3504 Αὕγούσταν

250 3515 307 3588 τῆς
337 3505 504 3590 Εὕφημίας
538 3512 764 3594 τελευτησάσης.
825 3512 992 3571 Coronnvit
1023 3533 1145 3592 quoque
1178 3505 1361 3570 lbeodoram

251 3615 376 3653 uxorem
402 3617 495 3654 suam
521 3597 719 3675 Augustam,
749 3601 815 3656 iam
845 3609 968 3657 mortua
997 3597 1177 3676 Euplsemia.
1227 3595 1277 3651 Ex
1305 3587 1362 3646 hoc

248 3682 334 3738 fonte
356 3682 496 3740 Octavius
519 3702 537 3740 a
558 3685 713 3761 Rosberg,
744 3695 774 3744 et
802 3685 891 3742 multi
912 3686 1008 3744 nostri
1031 3683 1176 3762 temporis
1205 3679 1362 3754 scriptores

250 3764 283 3823 id
307 3763 480 3824 haerserunt.
524 3770 637 3827 Verum
659 3773 814 3829 enimvero
840 3780 873 3828 nt
894 3771 1053 3848 ingenium
1073 3767 1180 3826 Iustini
1200 3761 1363 3838 Procopius

251 3848 427 3923 declararet,
449 3848 528 3908 nihil
550 3852 589 3911 ad
611 3875 676 3912 rem
698 3858 796 3933 inagis
819 3855 949 3930 iecisset,
971 3874 1064 3934 apuam
1085 3849 1215 3911 hominis
1236 3845 1363 3905 coniecti

251 3956 372 3994 summa
394 3941 557 4012 senectute,
581 3959 615 3996 ac
636 3939 724 4018 pedis
745 3941 879 4013 vulnere,
902 3942 1059 4000 utstatim
1081 3935 1224 4007 dicemus,
1246 3932 1363 4010 gravis-

251 4023 328 4078 sime
362 4023 526 4082 laborantis
559 4021 702 4098 choreas,
733 4028 885 4105 nuptiales
919 4026 1018 4098 faces,
1053 4025 1201 4099 tibiasque
1232 4036 1365 4075 narrare.

252 4106 325 4179 Sed,
350 4108 380 4164 in
401 4111 463 4168 illis
482 4107 611 4167 cedreni
632 4112 731 4168 verbis
754 4110 814 4170 duo
837 4122 906 4169 sunt
928 4103 1212 4168 annnadveuenda:
1237 4105 1365 4161 alterum

253 4202 315 4263 est,
346 4195 469 4252 Graecis
497 4194 603 4273 laesus
630 4198 830 4258 matrimoniis
859 4197 1064 4254 celebritatem
1092 4189 1253 4262 denotare,
1285 4184 1367 4268 quod

253 4278 327 4334 alibi
344 4283 469 4355 passim,
492 4285 575 4340 etin
598 4284 869 4342 matrimonialibus
892 4285 965 4339 iuris
987 4281 1101 4338 Graeco
1124 4277 1253 4334 Romani
1273 4293 1367 4354 quae-

253 4365 401 4423 stionibus
429 4364 580 4426 observes.
622 4370 745 4426 Etenim
774 4369 880 4426 Graeci
908 4367 1059 4424 solemnes
1088 4364 1263 4442 nuptiarum
1294 4361 1368 4417 ritus

253 4451 379 4526 prolatis
401 4454 520 4512 coronis
542 4454 721 4530 absolvunt,
744 4471 820 4536 quas
842 4453 960 4534 sponsis
982 4453 1153 4530 imponunt,
1176 4456 1282 4527 estque
1307 4441 1367 4508 utl-
