3125 4959
239 423 315 499 400
584 425 631 494 ΙΝ
654 423 767 494 mss.
793 423 988 494 suetum

238 591 410 652 nominibus
436 610 523 672 quan
548 591 690 651 satellitio
720 592 879 671 stipatum,
913 590 1098 649 lastinianus
1126 588 1339 664 Alamannus,

240 676 419 752 Gottldcue,
438 677 623 755 manetem,
647 678 873 752 Germanicus,
885 677 1036 753 Anticus,
1056 677 1230 750 Alanicue,
1257 677 1341 735 Van.

235 761 377 836 delicus,
397 760 586 839 Africanus,
615 781 676 820 non
704 782 791 821 secas
821 781 856 820 ao
885 763 911 821 si
939 759 977 820 de
1006 764 1043 820 ils
1071 763 1212 821 omnibns
1233 763 1342 819 triurn-

236 845 374 928 phasset,
396 849 534 926 quamvls
554 848 709 907 nonnullis
734 850 892 906 nationum
913 848 1034 906 illarum
1058 848 1122 926 ipse
1144 848 1255 904 tributa
1280 845 1343 903 sol-

236 943 337 1006 veret,
376 931 452 991 alias
485 951 557 991 vero
592 951 750 1013 nunqnam
786 931 938 998 devicerit.
989 935 1086 1006 Quare
1114 929 1343 992 Tlreodebertns

235 1019 420 1076 Francorum
444 1036 501 1075 rex
528 1015 563 1074 id
587 1037 650 1076 non
680 1019 779 1076 solam
808 1037 897 1097 aegre
917 1016 1004 1091 tulit,
1033 1015 1088 1076 sed
1116 1038 1183 1074 enm
1212 1017 1250 1074 ob
1281 1035 1343 1073 rem

234 1099 450 1180 Langobardos
471 1103 609 1182 aliosque
624 1103 754 1182 populos
777 1101 817 1161 ad
839 1100 1031 1161 inferendum
1045 1104 1210 1160 Iustiniano
1227 1101 1344 1159 bellurn

234 1189 400 1266 permovit,
429 1196 463 1244 ut
493 1187 546 1245 lib.
571 1189 589 1250 1
616 1197 717 1246 narrat
737 1185 895 1266 Agatlrias.
937 1191 1026 1245 Hunc
1047 1189 1205 1246 lastiniani
1232 1187 1345 1244 fastam

146 1275 219 1331 Adt
236 1270 385 1331 chosroes
402 1273 563 1347 Peg-samm
583 1292 639 1330 rex
660 1293 729 1331 cum
750 1271 789 1331 ad
808 1294 882 1333 enm
902 1273 1065 1347 scribebat,
1095 1276 1207 1330 maiore
1230 1271 1345 1330 solebat

235 1358 318 1416 fastu
335 1366 537 1432 contemnere,
557 1368 594 1416 ut
613 1356 780 1416 Menander
796 1361 951 1416 Protector
973 1317 1109 1437 expoirit.
1153 1351 1294 1432 Θείος,’
1274 1379 1345 1460 αγα-

235 1439 309 1518 θὸς,
332 1435 580 1547 είιιηνοιιιίιριος,
608 1436 733 1523 ἆρχαῑσς
748 1441 896 1550 Χοσιιιίης
916 1440 1054 1524 plunstede
1076 1433 1295 1548 ρασιίέων,’
1261 1463 1347 1504 suru-

236 1551 308 1628 χης,
333 1521 477 1606 ειίσεβιίς,
505 1520 750 1626 α’γαθοιιοιὸς,
738 1519 763 1590 ὦ
785 1551 845 1590 τινι
867 1528 900 1590 oi
923 1527 993 1592 θεοὶ
1014 1551 1085 1607 μετα
1106 1550 1202 1607 mppr
1224 1524 1276 1588 nul
1298 1547 1346 1604 με·

238 1606 336 1694 γαίην
358 1613 512 1718 βασιλείαν
534 1607 699 1687 δεδοίκασι,
726 1614 813 1718 γίγας
833 1606 999 1719 γιγάντων,
1025 1609 1058 1687 ὃς
1078 1613 1111 1676 ἐκ
1132 1617 1217 1674 θεῶν
1238 1633 1346 1692 χαρακ-

238 1699 384 1776 τηρίζεται
395 1690 597 1786 ’ίονσιινιιινῶ
611 1698 744 1798 Καίσαρι
760 1691 886 1782 ιῖὄελφςι
900 1695 1042 1782 ημειὲρῳ
1085 1699 1225 1778 lienique
1248 1715 1348 1754 rernm

239 1802 258 1840 a
277 1802 311 1840 se
331 1792 500 1860 gestarum,
529 1781 564 1841 ac
587 1785 764 1862 praesertim
787 1761 992 1842 aedificiorum
1012 1761 1231 1857 multitudine,
1256 1793 1348 1861 ιιιιμιιι

239 1865 400 1944 splendore
427 1869 566 1925 omnium
590 1868 790 1927 obscurasse
785 1888 824 1927 se
852 1871 1068 1948 imperatorum
1097 1889 1129 1927 re
1131 1887 1263 1948 gnrnqne
1290 1885 1348 1924 no-

239 1954 323 2009 mina
335 1953 463 2030 putavit.
502 1953 599 2024 Quare
614 1963 684 2032 post
699 1952 872 2012 absolutum
869 1952 1019 2034 Sophiae
1033 1955 1192 2034 ternplum,
1211 1963 1246 2012 nt
1263 1961 1349 2009 antor

240 2039 306 2095 eius
332 2034 474 2096 historiae
503 2045 621 2109 narrat,
654 2037 710 2094 illa
736 2019 896 2095 lastiniani
929 2057 992 2096 vox
1021 2038 1096 2112 fnit,
1129 2037 1353 2100 ΣΟΛΟΜΩΝ

238 2125 474 2184 ΝΕΝΙΚΗΚΑ
488 2124 553 2183 ΣΕ.
595 2137 664 2180 vics
684 2140 724 2179 rr
746 2133 908 2183 sosouon.
951 2120 1271 2199 Quemetiarnlapide
1291 2138 1347 2175 ex-

237 2226 376 2285 pressum
403 2227 420 2264 e
446 2207 568 2284 regione
594 2205 634 2264 S.
633 2204 784 2309 Sophiae
812 2206 955 2280 collocat,
984 2217 1135 2264 moestam
1163 2217 1253 2287 atepre
1274 2227 1348 2280 κρα-

236 2288 429 2372 conmunire
452 2289 580 2372 σιαγόνα
601 2283 697 2353 αιίτιιῦ
722 2288 915 2371 uniondum
943 2312 1000 2368 την
1021 2289 1113 2371 ιίγίαν
1136 2293 1274 2367 Σοφίαν,
1303 2283 1350 2350 ors

237 2372 371 2455 ίνιιιήθη
385 2377 429 2449 είς
450 2379 548 2454 μῆκος
568 2371 622 2437 καὶ
643 2369 763 2474 καλλος,
780 2395 880 2455 genoe
901 2371 977 2432 dum
1000 2396 1067 2433 eam
1077 2375 1254 2434 Basilicum
1276 2395 1350 2430 corr-

237 2461 421 2538 templatur,
443 2469 628 2538 carpentem,
652 2462 750 2536 quasi
768 2462 836 2516 eius
858 2456 996 2537 aedificii
1016 2461 1094 2518 mole
1116 2481 1154 2518 ac
1169 2459 1350 2540 pulchritu-

236 2543 309 2604 dine
329 2565 424 2602 suum
445 2544 590 2622 templum
609 2553 791 2621 superatum
812 2540 937 2602 doleret.
979 2546 1076 2603 Antor
1089 2547 1248 2622 Originum
1269 2547 1328 2601 ΟΡ.

321 2632 358 2689 Ρ.
381 2631 439 2701 72,
464 2634 493 2690 1.
547 2628 636 2705 Quae
649 2629 859 2704 fortunarum
880 2631 1010 2708 rapinas
1032 2629 1117 2687 illico
1143 2633 1190 2688 νιί
1209 2629 1351 2708 prodegit

236 2715 395 2787 barbaris,
426 2712 474 2771 νιί
497 2715 532 2770 ln
561 2716 675 2777 insana
697 2711 841 2791 aedificia
867 2713 1054 2793 insumpsit]
1089 2713 1288 2793 Eplrraernins
1319 2718 1350 2771 in

238 2797 382 2859 cbronioo
402 2818 481 2878 pene
505 2795 690 2856 adverbum
714 2796 793 2856 banc
815 2803 1013 2875 sententiam,
1036 2801 1073 2858 ab
1095 2802 1164 2860 aliis
1186 2803 1257 2859 licet
1277 2802 1351 2859 scri-

239 2887 376 2964 ptoribus
398 2893 575 2987 acceptam,
592 2887 725 2941 carmine
747 2887 906 2985 expressit.

406 2966 535 3047 Euporie
554 2962 703 3073 αιιιίραν
711 2963 874 3049 χρημάτων
895 2962 1106 3072 ppuoppydoov

406 3052 440 3117 ἐκ
459 3047 703 3116 nuvtoduuoir’
682 3053 903 3135 ηρανισμὲνσνς
923 3047 1055 3134 τρόπων,

407 3132 494 3200 ταῦτ’
515 3130 557 3217 ἦν
579 3132 715 3216 olosericis
734 3139 867 3203 ἐικινιιῖν
889 3137 1036 3218 ὅσημίραι

408 3224 452 3298 εἰς
470 3218 679 3305 βαρβᾶραν”
658 3247 779 3323 upum
800 3225 843 3297 είς
863 3226 973 3296 κτίσεις
994 3221 1108 3302 δόμων.

241 3306 377 3365 Acervoe
397 3309 455 3386 ms
442 3312 540 3365 natue
555 3312 706 3387 pecuniae
731 3312 807 3367 auri
826 3319 854 3367 et
876 3311 997 3387 argenti
1018 3327 1214 3387 quocumque
1234 3311 1353 3367 ratione

242 3401 422 3468 aggeratos,
446 3390 585 3470 quotidie
598 3392 755 3472 prodigus
776 3393 918 3451 exhausit
941 3393 1040 3451 velen
1063 3392 1228 3468 barbaros
1252 3396 1353 3452 c'elm

242 3475 337 3534 aedit
327 3477 398 3540 teia
412 3474 590 3581 Agutlrias
620 3480 673 3582 qni
696 3475 770 3536 haec
797 3475 874 3536 vidit
900 3479 922 3535 l
942 3477 973 3542 5.
1005 3478 1046 3540 Oi
1065 3475 1098 3540 δὲ
1120 3472 1254 3582 α’μφί
1222 3503 1273 3541 rev
1296 3483 1353 3540 Zu-

241 3556 356 3667 βεργιίν
383 3554 421 3624 ori
451 3557 599 3641 πρότερον
627 3556 858 3642 αἰιοστήσεσθαι
886 3561 1004 3664 ἔφασαν
1036 3561 1110 3643 πρὶν
1147 3558 1186 3625 riv
1218 3559 1354 3644 χοήμαιιι

241 3642 339 3709 πολιοί
361 3642 444 3728 παρὰ
468 3645 622 3726 Ρωμαίων
646 3650 824 3751 κομίσαιντο
845 3641 988 3758 καθαπερ
1011 3649 1044 3712 oi
1065 3650 1296 3754 ίίοαριίγονροι.
1335 3645 1354 3711 ri

242 3728 277 3794 dl
306 3729 446 3811 βασιλευς
475 3733 600 3836 χρυσίον
629 3727 733 3805 adron
760 3728 934 3796 αἰιὲστιιλεν
961 3730 1079 3797 οαόσον
1102 3728 1240 3812 ιίιιοχρῆν
1270 3731 1353 3815 diseo,

241 3839 327 3890 οπως
350 3817 499 3896 είρηναιοι
520 3811 718 3896 ἀπαλλαγεῖεν
738 3823 794 3895 τῆς
814 3815 922 3900 χώρας.
964 3821 1027 3878 Mil
1027 3842 1058 3877 es
1075 3818 1274 3896 Zabergunar
1294 3840 1353 3877 non

240 3913 357 3958 antece
372 3901 577 3959 deecesaurum
593 3904 652 3980 ass
640 3925 669 3960 ι
670 3902 785 3981 mahat
806 3925 901 3983 qnam
914 3906 1046 3963 multam
1060 3907 1228 3982 pecuniam,
1251 3925 1353 3982 quem-

238 3984 410 4046 admodum
433 3988 597 4066 Curtigurt'
620 3991 776 4065 acciperet.
824 3992 927 4067 Quare
948 3993 1114 4070 imperator
1135 3993 1257 4045 tantum
1283 3991 1354 4046 curi

243 4068 289 4129 od
309 4091 359 4127 eos
375 4075 471 4150 misit,
495 4081 648 4152 quantum
669 4073 810 4151 sufficere
825 4076 972 4154 putabat,
993 4088 1027 4134 ut
1041 4073 1168 4132 barderi
1182 4069 1259 4131 data
1276 4095 1354 4152 pace

244 4155 317 4214 inde
337 4156 518 4216 excederent.
561 4159 592 4216 ls
617 4177 689 4215 vero
711 4162 764 4238 qui
794 4158 833 4215 ad
854 4161 996 4220 barbaros
1023 4177 1147 4217 rnnnern
1169 4153 1277 4216 detulit
1295 4161 1355 4217 Va·

243 4242 379 4301 lentinns
404 4243 463 4300 luit
491 4239 643 4323 βασιλικὰς
672 4238 919 4324 μαχαιροφόρος,
950 4257 985 4304 nt
1005 4239 1172 4305 Illenander
1200 4245 1356 4304 Protector

243 4335 356 4386 narrat.
399 4326 477 4385 Vide
494 4338 555 4386 tres
577 4340 738 4409 sequentes
760 4339 857 4388 notas.

329 4412 365 4470 Ρ.
382 4415 435 4488 72,
458 4411 489 4477 5.
533 4414 693 4474 Barbaros
711 4417 791 4474 inter
810 4436 842 4472 ee
864 4413 1025 4494 commisit]
1048 4417 1175 4473 loannes
1190 4410 1356 4471 Antioche·
