3125 4959
261 433 337 504 360
612 427 659 495 IN
683 425 803 496 HIST.
817 425 1013 494 aucthari

261 598 401 658 celliuus.
443 594 500 656 Hic
520 603 641 652 senator
654 593 713 652 fuit
732 593 844 652 illustri
864 593 933 652 loco
949 603 1053 668 natus,
1077 593 1190 654 coniux
1204 594 1364 666 Proiectae,

262 705 318 742 seu
339 683 490 740 Proiectae
513 680 692 757 vigilantiae
715 681 874 736 iustiniani
895 680 1008 750 sororis
1026 681 1125 754 filiae,
1149 700 1243 763 quae,
1268 685 1366 740 occiso

261 769 295 826 in
324 768 423 827 Africa
451 762 650 843 Areobyndo,
668 784 750 847 ‚cum
775 767 888 823 Ioanne
913 765 1040 844 Pompei
1068 768 1220 825 Anastasii
1248 769 1366 846 nepotis

262 854 323 911 filio
358 853 585 913 matrimonium
625 850 787 908 contraxit.
845 851 1004 915 Praeterea
1039 853 1132 928 gessit
1166 850 1366 932 Areobyndus

261 949 418 1016 utramque
438 937 676 1016 praefecturam,
697 935 845 993 urbanam
866 946 897 992 et
917 938 1150 1013 praetorianam.

343 1025 379 1082 P.
391 1022 442 1095 43,
456 1030 485 1086 1.
529 1019 567 1078 ln
579 1021 688 1099 Illyrio
708 1020 788 1096 nats]
811 1022 877 1100 Hoc
897 1019 980 1078 idem
997 1018 1177 1080 Theodorus
1198 1021 1315 1093 Lector,
1338 1029 1368 1077 et

260 1105 475 1186 Theophanes,
501 1108 603 1164 Victor
624 1107 717 1164 etiam
737 1107 912 1164 Tunnensis
934 1108 1072 1184 Procopii
1095 1107 1242 1186 aequalis,
1259 1101 1368 1182 Illyri-

259 1195 384 1254 cianum
405 1193 556 1251 Iastiumn
577 1189 650 1249 dicit
671 1193 703 1248 in
727 1188 895 1266 Chronico3
925 1189 980 1248 sed
1001 1187 1163 1252 Zacharias
1185 1189 1266 1270 apud
1286 1193 1367 1248 Eva-

261 1281 361 1359 grium
382 1276 405 1334 l.
427 1275 448 1338 4
470 1297 498 1334 c.
522 1281 556 1350 1,
589 1287 619 1335 et
639 1275 770 1335 Basilius
793 1277 874 1334 cilix
902 1273 983 1355 apud
1003 1273 1149 1336 Photium
1169 1277 1201 1332 in
1222 1275 1367 1334 Biblioth.

259 1375 289 1423 et
312 1364 366 1443 qui
386 1372 455 1442 post
470 1363 653 1440 Procopium
673 1364 858 1440 scripserunt
878 1359 1023 1436 historici,
1052 1363 1198 1419 Thracem
1218 1364 1367 1423 lustimun

246 1452 379 1507 cocant.
423 1449 506 1506 Bene
528 1459 591 1520 est,
613 1467 687 1506 nam
706 1446 873 1520 Bederina,
899 1467 991 1529 quae,
1013 1449 1170 1508 utstatim
1192 1448 1235 1504 ait
1255 1449 1368 1506 Proco-

258 1536 344 1612 pius,
378 1534 494 1590 Iustino
515 1534 612 1612 patrIa
634 1533 711 1608 fuit,
741 1533 775 1589 in
802 1533 966 1591 limitaneis
987 1533 1130 1611 Illyriae,
1158 1530 1368 1612 Thraciaeque

261 1620 340 1694 agris
361 1619 418 1675 sita
442 1628 515 1674 erat.
558 1620 652 1677 Porro
673 1618 852 1696 saepissime
878 1618 927 1692 fit,
957 1627 991 1675 ut
1018 1637 1096 1698 quae
1123 1618 1211 1676 urbes
1242 1611 1369 1676 duarum

260 1704 493 1780 prorinciassun,
515 1703 566 1758 vel
585 1702 660 1759 fines
681 1704 863 1776 terminant,
885 1704 935 1760 vel
957 1706 1035 1760 circa
1054 1703 1129 1760 fines
1152 1713 1231 1777 sunt,
1251 1705 1284 1760 in
1303 1723 1370 1760 am·-

262 1788 370 1846 barum
392 1796 493 1864 partes
520 1783 683 1863 aliquando
713 1785 751 1842 ab
780 1787 933 1844 autoribus
954 1787 1040 1843 nullo
1063 1778 1235 1844 discrimine
1258 1785 1370 1844 admit-

261 1881 383 1944 tantur,
411 1870 590 1948 praesertim
616 1887 688 1926 cum
709 1871 934 1947 provinciarum
959 1872 1135 1948 partitiones
1163 1890 1224 1928 non
1246 1871 1371 1929 eaedem

262 1953 345 2034 apud
374 1974 480 2014 omnes
508 1950 697 2032 geographos
729 1964 759 2012 et
792 1951 950 2014 historicos
976 1957 1046 2013 sint.
1096 1957 1198 2014 Etiam
1224 1947 1370 2033 Agathias

261 2041 327 2104 l.5
355 2037 536 2098 Bederiuarn
563 2041 600 2100 iu
616 2039 720 2117 illyria
750 2040 896 2098 collocat:
928 2041 1111 2099 lastinianus
1133 2041 1254 2102 novella
1278 2047 1313 2105 ll
1337 2044 1369 2099 in

257 2123 393 2184 'secanda
413 2125 588 2202 Pannonia3
610 2143 718 2184 rerum
737 2120 816 2184 haec
836 2121 915 2185 uilail
936 2122 1118 2207 discrepant,
1140 2136 1174 2186 ut
1195 2128 1299 2187 statim
1320 2126 1369 2185 di-

260 2231 364 2270 cemus
385 2211 441 2269 lin.
466 2213 517 2274 18.
1173 2275 1174 2278 Ἴ

346 2295 444 2366 Ρ.43,
457 2297 485 2354 1.
511 2291 756 2374 Exeromdieqrce
766 2293 857 2372 agris
872 2295 998 2373 aarum]
1020 2292 1114 2353 Addit
1127 2298 1260 2354 Zonaras
1277 2295 1370 2354 lusti-

261 2397 337 2434 num
358 2378 452 2443 fuisse
474 2370 625 2456 βουκόλον
644 2379 696 2441 καὶ
714 2372 884 2458 συφορβόν,
904 2383 1124 2437 armentarium
1147 2390 1175 2442 et
1196 2379 1370 2454 subulcum,

262 2483 281 2521 a
303 2482 363 2542 quo
380 2463 567 2539 Pomponius
578 2465 693 2522 Laetus
711 2465 744 2521 in
764 2465 890 2538 lustino,
911 2463 1047 2523 Andreas
1061 2467 1196 2524 Alciatus
1219 2461 1370 2544 disponat.

261 2547 283 2609 4
306 2569 332 2623 c.
354 2552 375 2610 7
396 2557 426 2605 et
448 2549 500 2604 alii
521 2559 710 2628 acceperunt.
752 2547 838 2609 Nihil
858 2549 966 2608 fuisset
987 2551 1085 2628 magis
1106 2550 1143 2607 ab
1166 2570 1207 2625 re,
1230 2550 1370 2629 quamsi

259 2635 410 2691 Iustiuum
432 2633 499 2690 loco
515 2653 578 2692 non
599 2631 711 2693 humili
733 2635 845 2710 solnm,
867 2633 923 2693 sed
943 2637 1035 2694 etiarn
1055 2633 1178 2701 sordido
1197 2647 1303 2693 aratum
1321 2633 1371 2693 hic

259 2719 393 2776 siluisset
416 2713 593 2796 Procopius.
635 2719 730 2779 Secus
752 2719 822 2793 alii,
845 2722 995 2778 Anicium
1014 2721 1168 2793 fecenurt,
1190 2739 1301 2800 nempe
1323 2723 1371 2778 fa·

173 2811 244 2866 &14
262 2806 375 2877 miliae,
400 2806 607 2861 Romanorum
628 2807 777 2878 ornnium,
800 2805 853 2884 qui
873 2803 992 2864 Christo
1012 2807 1138 2864 stornina
1160 2803 1317 2879 dederunt,
1337 2816 1371 2864 ut

167 2881 191 2932 Ρ
209 2883 243 2936 99
260 2888 444 2947 Prudentius
466 2890 508 2945 ait
527 2889 550 2946 l.
575 2895 593 2955 1
614 2899 718 2949 contra
739 2887 977 2968 Symmachum,
1009 2892 1187 2969 antiquitate
1210 2901 1241 2947 et
1260 2891 1372 2948 nobili-

258 2986 320 3032 tate
342 2975 629 3052 praestantissimae.
672 2977 786 3032 Parum
806 2977 906 3049 refert,
930 2973 1013 3056 quod
1033 2976 1066 3032 in
1087 2975 1218 3054 antiquIs
1238 2976 1372 3034 nummis

257 3062 307 3133 vel
330 3061 479 3117 fastorum
499 3060 651 3118 laterculis
673 3062 817 3134 Iustinus,
840 3059 974 3119 Anicius
994 3057 1161 3133 habeatur,
1182 3079 1254 3117 nam
1271 3062 1371 3134 illum,

257 3157 292 3201 ut
314 3163 355 3203 ex
374 3145 474 3202 milite
496 3147 634 3222 gregario
655 3146 761 3224 palatii
784 3164 888 3203 curam
909 3146 1040 3223 accepit,
1063 3155 1094 3201 et
1113 3143 1371 3224 quemadmodum

258 3226 440 3288 Theodorus
462 3231 572 3289 Lector
590 3233 643 3305 ait,
665 3232 785 3309 patricii
807 3228 956 3289 honorem
976 3231 1172 3303 consecutus,
1196 3241 1226 3288 et
1248 3232 1281 3286 in
1303 3229 1371 3286 albo

259 3324 434 3371 senatorum
455 3317 642 3394 conscriptus
663 3318 731 3390 fuit,
752 3335 825 3374 vero
848 3316 947 3374 simile
970 3324 1014 3373 est
1036 3315 1073 3372 ab
1096 3314 1251 3372 Anicianis
1272 3315 1304 3369 in
1324 3313 1372 3370 fa·

260 3399 378 3454 millam
397 3398 491 3456 fuisse
513 3399 697 3479 cooptatum,
719 3401 771 3459 rel
789 3399 915 3460 tandem
928 3400 986 3459 sibi
1000 3397 1034 3458 id
1046 3401 1180 3458 nominis
1198 3395 1371 3474 adscivisse,

259 3502 330 3540 cum
356 3484 521 3562 imperator
546 3487 804 3565 est'appellatus3
838 3487 917 3545 sicut
939 3488 1031 3544 etiam
1051 3487 1085 3541 in
1103 3478 1218 3542 'iisdem
1238 3485 1371 3544 nurmnis

258 3569 407 3632 Flavium
437 3587 470 3626 se
496 3569 647 3641 inscribit,
675 3581 705 3628 et
726 3571 908 3651 Lupiciuaun
930 3573 1091 3649 coniugem
1121 3587 1162 3626 ex
1187 3585 1274 3625 serra
1295 3570 1372 3628 Fla-

256 3656 342 3712 vium
370 3662 536 3732 nuncupat.
579 3652 667 3724 Quod
692 3674 734 3713 ex
760 3657 991 3736 imperatoribus
1014 3652 1192 3714 Christianis
1219 3653 1371 3714 factitasse

242 3740 508 3815 Constantinum,
532 3740 657 3818 eiusque
677 3751 795 3817 patrem
817 3744 1045 3814 Constantium,
1069 3735 1179 3800 deinde
1198 3739 1291 3814 alios,
1313 3761 1372 3798 no·

259 3836 326 3882 tum
357 3836 413 3883 est.
458 3825 510 3883 Sic
539 3827 634 3882 etiam
663 3826 791 3903 accipias
825 3828 926 3886 locum
954 3821 1113 3894 lornandis
1144 3823 1197 3880 lib.
1220 3844 1278 3882 rer.
1302 3826 1371 3882 Get.

259 3920 415 3984 extremo,
444 3909 497 3967 ubi
518 3911 707 3967 Germanum
726 3913 883 3970 Iustiniani
905 3913 1006 3972 fratris
1027 3909 1123 3964 filium
1143 3910 1220 3967 inter
1240 3909 1372 3966 Anicios

259 3997 361 4053 refert.
405 3993 467 4053 Sed
490 3993 683 4052 emendanda
702 3997 825 4054 omnino
841 4009 886 4056 est
901 3997 995 4055 editio
1010 3995 1186 4053 Parisiensis
1202 3991 1372 4052 Cassiodori

259 4080 283 4137 l.
307 4083 337 4142 8.
360 4080 430 4138 Var.
453 4082 541 4157 epist.
563 4083 674 4159 prima.
719 4081 796 4138 Non
824 4103 878 4140 roc
906 4085 1060 4138 maiorum
1077 4089 1274 4158 purpuratus
1302 4089 1372 4136 tan·

261 4174 325 4220 tum
348 4162 423 4221 ordo
446 4167 527 4222 clari
538 4177 611 4241 scat,
636 4176 694 4223 etc.
718 4177 871 4244 quantum
893 4167 982 4245 longe
1002 4165 1121 4243 lateque
1136 4174 1247 4242 potens
1260 4165 1372 4241 gratia

260 4259 364 4308 aestro
383 4248 537 4314 nobilitat.
580 4255 676 4330 Lego,
697 4272 760 4310 non
780 4273 849 4326 nos,
869 4271 943 4309 tram
962 4247 1128 4308 Athalarici
1149 4258 1234 4326 pater
1254 4246 1371 4308 Eutha-

260 4335 340 4394 ricus
368 4337 559 4394 consulatum
588 4338 682 4415 gessit
695 4331 776 4396 'cum
796 4337 930 4410 Iustino,
958 4333 1167 4395 Theodoricus
1189 4337 1272 4393 Avus
1302 4353 1370 4392 curn

262 4421 425 4496 l'ersautio,
448 4419 673 4484 Theodemirus
693 4443 826 4504 proavus
849 4433 879 4480 et
900 4441 973 4482 avus
994 4423 1059 4503 ipse
1081 4416 1262 4494 Gotthorum
1285 4437 1369 4500 reges
