<?xml version="1.0" encoding="UTF-8"?>
<!DOCTYPE html PUBLIC "-//W3C//DTD XHTML 1.0 Transitional//EN"
    "http://www.w3.org/TR/xhtml1/DTD/xhtml1-transitional.dtd">
<html xmlns="http://www.w3.org/1999/xhtml" xml:lang="en" lang="en">
 <head>
  <title>
</title>
<meta http-equiv="Content-Type" content="text/html;charset=utf-8" />
  <meta name='ocr-system' content='tesseract 3.04.00' />
  <meta name='ocr-capabilities' content='ocr_page ocr_carea ocr_par ocr_line ocrx_word'/>
</head>
<body>
  <div class='ocr_page' id='page_1' title='image "./corpusscriptoru46theogoog/corpusscriptoru46theogoog_0249.png"; bbox 0 0 3125 4959; ppageno 0'>
   <div class='ocr_carea' id='block_1_1' title="bbox 543 446 1309 521">
    <p class='ocr_par' dir='ltr' id='par_1_1' title="bbox 543 446 1309 521">
     <span class='ocr_line' id='line_1_1' title="bbox 543 446 1309 521; baseline 0.007 -5"><span class='ocrx_word' id='word_1_1' title='bbox 543 449 602 517; x_wconf 85' lang='lat' dir='ltr'><strong><em>DE</em></strong></span> <span class='ocrx_word' id='word_1_2' title='bbox 624 446 839 520; x_wconf 69' lang='lat' dir='ltr'><strong>idumeus</strong></span> <span class='ocrx_word' id='word_1_3' title='bbox 864 448 891 521; x_wconf 87' lang='lat'><strong><em>1.</em></strong></span> <span class='ocrx_word' id='word_1_4' title='bbox 919 448 978 520; x_wconf 90' lang='lat'><strong><em>11.</em></strong></span> <span class='ocrx_word' id='word_1_5' title='bbox 1234 450 1309 521; x_wconf 79' lang='lat'><strong><em>207</em></strong></span> 
     </span>
    </p>
   </div>
   <div class='ocr_carea' id='block_1_2' title="bbox 144 606 1416 2555">
    <p class='ocr_par' dir='ltr' id='par_1_2' title="bbox 164 606 1416 2144">
     <span class='ocr_line' id='line_1_2' title="bbox 215 606 1312 709; baseline 0.003 -25"><span class='ocrx_word' id='word_1_6' title='bbox 215 617 297 685; x_wconf 73' lang='grc' dir='ltr'><strong><em>οἴσω</em></strong></span> <span class='ocrx_word' id='word_1_7' title='bbox 318 620 373 705; x_wconf 88' lang='grc' dir='ltr'><strong><em>μέν</em></strong></span> <span class='ocrx_word' id='word_1_8' title='bbox 394 620 439 706; x_wconf 76' lang='grc' dir='ltr'><strong><em>μὴ</em></strong></span> <span class='ocrx_word' id='word_1_9' title='bbox 461 624 603 709; x_wconf 80' lang='grc' dir='ltr'><strong><em>προσάεΐν</em></strong></span> <span class='ocrx_word' id='word_1_10' title='bbox 617 606 799 704; x_wconf 87' lang='grc' dir='ltr'><strong><em>Βυζαντίοις</em></strong></span> <span class='ocrx_word' id='word_1_11' title='bbox 814 624 949 707; x_wconf 79' lang='grc' dir='ltr'><em>ποτίμων</em></span> <span class='ocrx_word' id='word_1_12' title='bbox 967 618 1089 689; x_wconf 70' lang='lat' dir='ltr'><strong>tudun</strong></span> <span class='ocrx_word' id='word_1_13' title='bbox 1103 620 1312 701; x_wconf 77' lang='grc' dir='ltr'><strong><em>’ίουστινιανὸς</em></strong></span> 
     </span>
     <span class='ocr_line' id='line_1_3' title="bbox 214 724 563 812; baseline 0.011 -25"><span class='ocrx_word' id='word_1_14' title='bbox 214 725 357 805; x_wconf 70' lang='grc' dir='ltr'><strong><em>βασιλεὺς</em></strong></span> <span class='ocrx_word' id='word_1_15' title='bbox 372 724 563 812; x_wconf 77' lang='grc' dir='ltr'><strong><em>διεπράξατο.</em></strong></span> 
     </span>
     <span class='ocr_line' id='line_1_4' title="bbox 317 822 1311 912; baseline -0.001 -21"><span class='ocrx_word' id='word_1_16' title='bbox 317 830 380 891; x_wconf 75' lang='grc' dir='ltr'><strong><em>Καὶ</em></strong></span> <span class='ocrx_word' id='word_1_17' title='bbox 388 832 529 911; x_wconf 88' lang='grc' dir='ltr'><strong><em>βασίλεια</em></strong></span> <span class='ocrx_word' id='word_1_18' title='bbox 547 828 582 894; x_wconf 78' lang='grc' dir='ltr'><strong><em>δέ</em></strong></span> <span class='ocrx_word' id='word_1_19' title='bbox 595 824 746 912; x_wconf 79' lang='grc' dir='ltr'><strong><em>ἀλλαχόθι</em></strong></span> <span class='ocrx_word' id='word_1_20' title='bbox 761 823 1014 911; x_wconf 76' lang='grc' dir='ltr'><strong><em>ἀεάημιοάρηηκεν</em></strong></span> <span class='ocrx_word' id='word_1_21' title='bbox 1027 824 1118 903; x_wconf 62' lang='lat' dir='ltr'><strong>edric</strong></span> <span class='ocrx_word' id='word_1_22' title='bbox 1132 822 1311 911; x_wconf 53' lang='grc' dir='ltr'><strong><em>καινουργεῖ-</em></strong></span> 
     </span>
     <span class='ocr_line' id='line_1_5' title="bbox 213 918 1311 1019; baseline -0.002 -24"><span class='ocrx_word' id='word_1_23' title='bbox 213 954 271 1003; x_wconf 89' lang='grc' dir='ltr'><strong><em>σας</em></strong></span> <span class='ocrx_word' id='word_1_24' title='bbox 286 927 318 993; x_wconf 84' lang='grc' dir='ltr'><strong><em>έν</em></strong></span> <span class='ocrx_word' id='word_1_25' title='bbox 337 956 369 995; x_wconf 87' lang='grc' dir='ltr'><strong><em>τε</em></strong></span> <span class='ocrx_word' id='word_1_26' title='bbox 382 938 426 1018; x_wconf 77' lang='grc' dir='ltr'><strong><em>τῷ</em></strong></span> <span class='ocrx_word' id='word_1_27' title='bbox 439 928 568 1019; x_wconf 85' lang='grc' dir='ltr'><strong><em>Ἡραίῳ,</em></strong></span> <span class='ocrx_word' id='word_1_28' title='bbox 585 930 602 995; x_wconf 83' lang='lat' dir='ltr'><strong>‘d</strong></span> <span class='ocrx_word' id='word_1_29' title='bbox 621 937 674 995; x_wconf 78' lang='grc' dir='ltr'><strong><em>νῦν</em></strong></span> <span class='ocrx_word' id='word_1_30' title='bbox 683 918 801 1017; x_wconf 81' lang='grc' dir='ltr'><strong><em>ΙἹερεῖον</em></strong></span> <span class='ocrx_word' id='word_1_31' title='bbox 815 928 1022 1014; x_wconf 78' lang='grc' dir='ltr'><strong><em>ὀνομάζουσιν,</em></strong></span> <span class='ocrx_word' id='word_1_32' title='bbox 1047 925 1096 991; x_wconf 78' lang='grc' dir='ltr'><strong><em>καί</em></strong></span> <span class='ocrx_word' id='word_1_33' title='bbox 1110 929 1311 995; x_wconf 82' lang='grc' dir='ltr'><strong><em>Ἰουκουνόια-</em></strong></span> 
     </span>
     <span class='ocr_line' id='line_1_6' title="bbox 179 1019 1311 1120; baseline -0.003 -23"><span class='ocrx_word' id='word_1_34' title='bbox 179 1043 279 1107; x_wconf 73' lang='grc' dir='ltr'><strong><em>ὀναΐς</em></strong></span> <span class='ocrx_word' id='word_1_35' title='bbox 297 1034 514 1115; x_wconf 73' lang='grc' dir='ltr'><strong><em>καλουμέναις·</em></strong></span> <span class='ocrx_word' id='word_1_36' title='bbox 540 1024 583 1099; x_wconf 81' lang='grc' dir='ltr'><strong><em>ὧν</em></strong></span> <span class='ocrx_word' id='word_1_37' title='bbox 600 1034 638 1117; x_wconf 79' lang='grc' dir='ltr'><strong><em>δὴ</em></strong></span> <span class='ocrx_word' id='word_1_38' title='bbox 655 1031 724 1099; x_wconf 84' lang='grc' dir='ltr'><strong><em>οάτε</em></strong></span> <span class='ocrx_word' id='word_1_39' title='bbox 742 1033 777 1098; x_wconf 84' lang='grc' dir='ltr'><strong><em>τὸ</em></strong></span> <span class='ocrx_word' id='word_1_40' title='bbox 793 1033 1015 1120; x_wconf 79' lang='grc' dir='ltr'><strong><em>μεγαλοπρεπές</em></strong></span> <span class='ocrx_word' id='word_1_41' title='bbox 1032 1030 1088 1103; x_wconf 77' lang='grc' dir='ltr'><strong><em>οὖν</em></strong></span> <span class='ocrx_word' id='word_1_42' title='bbox 1101 1038 1146 1120; x_wconf 74' lang='grc' dir='ltr'><strong><em>τῷ</em></strong></span> <span class='ocrx_word' id='word_1_43' title='bbox 1161 1036 1192 1108; x_wconf 78' lang='grc' dir='ltr'><strong><em>ἐς</em></strong></span> <span class='ocrx_word' id='word_1_44' title='bbox 1207 1019 1311 1115; x_wconf 71' lang='grc' dir='ltr'><strong><em>τέχνην</em></strong></span> 
     </span>
     <span class='ocr_line' id='line_1_7' title="bbox 212 1132 1336 1225; baseline 0.002 -26"><span class='ocrx_word' id='word_1_45' title='bbox 212 1136 408 1224; x_wconf 75' lang='grc' dir='ltr'><strong><em>ἠκριβωμένην</em></strong></span> <span class='ocrx_word' id='word_1_46' title='bbox 415 1185 426 1214; x_wconf 96' lang='grc'><strong><em>,</em></strong></span> <span class='ocrx_word' id='word_1_47' title='bbox 452 1136 520 1203; x_wconf 74' lang='grc' dir='ltr'><strong><em>οὔτε</em></strong></span> <span class='ocrx_word' id='word_1_48' title='bbox 540 1136 594 1203; x_wconf 82' lang='grc' dir='ltr'><strong><em>τόν</em></strong></span> <span class='ocrx_word' id='word_1_49' title='bbox 616 1136 705 1221; x_wconf 75' lang='grc' dir='ltr'><strong><em>ἀγκσν</em></strong></span> <span class='ocrx_word' id='word_1_50' title='bbox 729 1135 766 1201; x_wconf 87' lang='grc' dir='ltr'><strong><em>ἀν</em></strong></span> <span class='ocrx_word' id='word_1_51' title='bbox 779 1134 844 1201; x_wconf 75' lang='grc' dir='ltr'><strong><em>σάν</em></strong></span> <span class='ocrx_word' id='word_1_52' title='bbox 865 1142 910 1225; x_wconf 74' lang='grc' dir='ltr'><strong><em>τῷ</em></strong></span> <span class='ocrx_word' id='word_1_53' title='bbox 931 1135 1073 1222; x_wconf 73' lang='grc' dir='ltr'><strong><em>εὐπρεπεῖ</em></strong></span> <span class='ocrx_word' id='word_1_54' title='bbox 1089 1134 1169 1221; x_wconf 82' lang='grc' dir='ltr'><strong><em>λόγῳ</em></strong></span> <span class='ocrx_word' id='word_1_55' title='bbox 1192 1132 1311 1221; x_wconf 84' lang='grc' dir='ltr'><strong><em>ηράσιιι</em></strong></span> <span class='ocrx_word' id='word_1_56' title='bbox 1334 1198 1336 1201; x_wconf 87' lang='grc'><strong><em>.</em></strong></span> 
     </span>
     <span class='ocr_line' id='line_1_8' title="bbox 212 1233 1309 1324; baseline 0 -23"><span class='ocrx_word' id='word_1_57' title='bbox 212 1238 284 1303; x_wconf 81' lang='grc' dir='ltr'><strong><em>ποτέ</em></strong></span> <span class='ocrx_word' id='word_1_58' title='bbox 309 1237 419 1315; x_wconf 74' lang='grc' dir='ltr'><strong><em>ἱκανῶς</em></strong></span> <span class='ocrx_word' id='word_1_59' title='bbox 441 1238 547 1323; x_wconf 54' lang='grc' dir='ltr'><strong><em>ἔχοιμι.</em></strong></span> <span class='ocrx_word' id='word_1_60' title='bbox 600 1238 669 1305; x_wconf 86' lang='grc' dir='ltr'><strong><em>ἀλλ’</em></strong></span> <span class='ocrx_word' id='word_1_61' title='bbox 693 1236 857 1324; x_wconf 76' lang='grc' dir='ltr'><strong><em>ἀποχρήσει</em></strong></span> <span class='ocrx_word' id='word_1_62' title='bbox 882 1245 987 1305; x_wconf 78' lang='grc' dir='ltr'><strong><em>ταῦτα·</em></strong></span> <span class='ocrx_word' id='word_1_63' title='bbox 1002 1233 1093 1304; x_wconf 76' lang='grc' dir='ltr'><strong><em>εἰπεῖν</em></strong></span> <span class='ocrx_word' id='word_1_64' title='bbox 1114 1234 1253 1320; x_wconf 83' lang='grc' dir='ltr'><strong><em>βασιλειά</em></strong></span> <span class='ocrx_word' id='word_1_65' title='bbox 1276 1262 1309 1303; x_wconf 81' lang='grc' dir='ltr'><strong><em>τε</em></strong></span> 
     </span>
     <span class='ocr_line' id='line_1_9' title="bbox 212 1336 1310 1429; baseline 0.001 -25"><span class='ocrx_word' id='word_1_66' title='bbox 212 1336 360 1424; x_wconf 73' lang='grc' dir='ltr'><strong><em>εἶναικαὶ</em></strong></span> <span class='ocrx_word' id='word_1_67' title='bbox 378 1341 456 1427; x_wconf 84' lang='grc' dir='ltr'><strong><em>πρός</em></strong></span> <span class='ocrx_word' id='word_1_68' title='bbox 467 1342 678 1408; x_wconf 83' lang='grc' dir='ltr'><strong><em>Ἰουστενιανοῦ</em></strong></span> <span class='ocrx_word' id='word_1_69' title='bbox 697 1344 847 1427; x_wconf 73' lang='grc' dir='ltr'><strong><em>γεγονέναι</em></strong></span> <span class='ocrx_word' id='word_1_70' title='bbox 863 1339 1012 1429; x_wconf 79' lang='grc' dir='ltr'><strong><em>παρόντος</em></strong></span> <span class='ocrx_word' id='word_1_71' title='bbox 1028 1366 1059 1405; x_wconf 84' lang='grc' dir='ltr'><strong><em>τε</em></strong></span> <span class='ocrx_word' id='word_1_72' title='bbox 1079 1342 1131 1405; x_wconf 76' lang='grc' dir='ltr'><strong><em>καὶ</em></strong></span> <span class='ocrx_word' id='word_1_73' title='bbox 1151 1340 1310 1421; x_wconf 75' lang='grc' dir='ltr'><strong><em>ε’πιτιχνω-</em></strong></span> 
     </span>
     <span class='ocr_line' id='line_1_10' title="bbox 210 1442 1416 1532; baseline -0.004 -26"><span class='ocrx_word' id='word_1_74' title='bbox 210 1443 313 1523; x_wconf 90' lang='grc' dir='ltr'><strong><em>μένου,</em></strong></span> <span class='ocrx_word' id='word_1_75' title='bbox 339 1447 390 1508; x_wconf 76' lang='grc' dir='ltr'><strong><em>καί</em></strong></span> <span class='ocrx_word' id='word_1_76' title='bbox 408 1444 530 1522; x_wconf 71' lang='grc' dir='ltr'><strong><em>οὐδενός</em></strong></span> <span class='ocrx_word' id='word_1_77' title='bbox 546 1442 740 1532; x_wconf 89' lang='grc' dir='ltr'><strong><em>ἀπεριόπτου,</em></strong></span> <span class='ocrx_word' id='word_1_78' title='bbox 758 1443 863 1527; x_wconf 72' lang='grc' dir='ltr'><strong><em>ἀτιμίη</em></strong></span> <span class='ocrx_word' id='word_1_79' title='bbox 874 1442 1051 1532; x_wconf 79' lang='grc' dir='ltr'><strong><em>χρημάτων,</em></strong></span> <span class='ocrx_word' id='word_1_80' title='bbox 1069 1444 1307 1524; x_wconf 84' lang='grc' dir='ltr'><strong><em>καθισταμένου.</em></strong></span> <span class='ocrx_word' id='word_1_81' title='bbox 1323 1450 1348 1503; x_wconf 82' lang='lat' dir='ltr'>V</span> <span class='ocrx_word' id='word_1_82' title='bbox 1364 1450 1416 1505; x_wconf 74' lang='lat'><strong><em>⁴10</em></strong></span> 
     </span>
     <span class='ocr_line' id='line_1_11' title="bbox 168 1544 1308 1633; baseline -0.002 -22"><span class='ocrx_word' id='word_1_83' title='bbox 168 1559 205 1611; x_wconf 86' lang='grc'><strong><em>10</em></strong></span> <span class='ocrx_word' id='word_1_84' title='bbox 212 1553 308 1609; x_wconf 79' lang='grc' dir='ltr'><strong><em>ταῖτα</em></strong></span> <span class='ocrx_word' id='word_1_85' title='bbox 326 1546 386 1632; x_wconf 76' lang='grc' dir='ltr'><strong><em>μάρ</em></strong></span> <span class='ocrx_word' id='word_1_86' title='bbox 407 1547 463 1629; x_wconf 79' lang='grc' dir='ltr'><strong><em>οὔχ</em></strong></span> <span class='ocrx_word' id='word_1_87' title='bbox 484 1544 549 1614; x_wconf 85' lang='grc' dir='ltr'><strong><em>οίόν</em></strong></span> <span class='ocrx_word' id='word_1_88' title='bbox 568 1548 603 1613; x_wconf 80' lang='grc' dir='ltr'><strong><em>τέ</em></strong></span> <span class='ocrx_word' id='word_1_89' title='bbox 622 1550 687 1614; x_wconf 74' lang='grc' dir='ltr'><strong><em>ἔστι</em></strong></span> <span class='ocrx_word' id='word_1_90' title='bbox 710 1550 760 1612; x_wconf 76' lang='grc' dir='ltr'><strong><em>καί</em></strong></span> <span class='ocrx_word' id='word_1_91' title='bbox 780 1547 861 1633; x_wconf 78' lang='grc' dir='ltr'><strong><em>λόγῳ</em></strong></span> <span class='ocrx_word' id='word_1_92' title='bbox 882 1556 1011 1633; x_wconf 78' lang='grc' dir='ltr'><strong><em>κρατεῖν.</em></strong></span> <span class='ocrx_word' id='word_1_93' title='bbox 1061 1546 1197 1610; x_wconf 83' lang='grc' dir='ltr'><strong><em>ένταῦθα</em></strong></span> <span class='ocrx_word' id='word_1_94' title='bbox 1213 1546 1247 1609; x_wconf 78' lang='grc' dir='ltr'><strong><em>δέ</em></strong></span> <span class='ocrx_word' id='word_1_95' title='bbox 1259 1547 1308 1609; x_wconf 82' lang='grc' dir='ltr'><strong><em>καλ</em></strong></span> 
     </span>
     <span class='ocr_line' id='line_1_12' title="bbox 210 1630 1391 1735; baseline 0.003 -25"><span class='ocrx_word' id='word_1_96' title='bbox 210 1630 338 1729; x_wconf 70' lang='grc' dir='ltr'><strong><em>λιμένων</em></strong></span> <span class='ocrx_word' id='word_1_97' title='bbox 353 1635 467 1724; x_wconf 86' lang='grc' dir='ltr'><strong><em>σκέπας</em></strong></span> <span class='ocrx_word' id='word_1_98' title='bbox 481 1646 728 1734; x_wconf 70' lang='grc' dir='ltr'><strong><em>ἀποτετόρνευται</em></strong></span> <span class='ocrx_word' id='word_1_99' title='bbox 745 1649 781 1713; x_wconf 79' lang='lat' dir='ltr'><strong><em>uri</em></strong></span> <span class='ocrx_word' id='word_1_100' title='bbox 804 1648 949 1735; x_wconf 86' lang='grc' dir='ltr'><strong><em>πρότερον</em></strong></span> <span class='ocrx_word' id='word_1_101' title='bbox 970 1646 1013 1713; x_wconf 85' lang='grc' dir='ltr'><strong><em>όν.</em></strong></span> <span class='ocrx_word' id='word_1_102' title='bbox 1065 1648 1159 1732; x_wconf 80' lang='grc' dir='ltr'><strong><em>ἀκτὴν</em></strong></span> <span class='ocrx_word' id='word_1_103' title='bbox 1180 1648 1238 1734; x_wconf 80' lang='grc' dir='ltr'><strong><em>γάρ</em></strong></span> <span class='ocrx_word' id='word_1_104' title='bbox 1259 1644 1310 1713; x_wconf 76' lang='grc' dir='ltr'><strong><em>ευ·</em></strong></span> <span class='ocrx_word' id='word_1_105' title='bbox 1389 1689 1391 1695; x_wconf 93' lang='lat'><em>·</em></span> 
     </span>
     <span class='ocr_line' id='line_1_13' title="bbox 209 1745 1348 1836; baseline 0.002 -23"><span class='ocrx_word' id='word_1_106' title='bbox 209 1749 273 1836; x_wconf 78' lang='grc' dir='ltr'><strong><em>ριάν</em></strong></span> <span class='ocrx_word' id='word_1_107' title='bbox 291 1745 460 1835; x_wconf 71' lang='grc' dir='ltr'><strong><em>ἑκατέρωθι</em></strong></span> <span class='ocrx_word' id='word_1_108' title='bbox 480 1761 544 1829; x_wconf 77' lang='grc' dir='ltr'><strong><em>τοῖς</em></strong></span> <span class='ocrx_word' id='word_1_109' title='bbox 562 1754 593 1816; x_wconf 83' lang='grc' dir='ltr'><strong><em>τε</em></strong></span> <span class='ocrx_word' id='word_1_110' title='bbox 613 1750 735 1833; x_wconf 84' lang='grc' dir='ltr'><strong><em>ἀνέμοις</em></strong></span> <span class='ocrx_word' id='word_1_111' title='bbox 751 1752 802 1814; x_wconf 78' lang='grc' dir='ltr'><strong><em>καί</em></strong></span> <span class='ocrx_word' id='word_1_112' title='bbox 824 1758 942 1835; x_wconf 83' lang='grc' dir='ltr'><strong><em>ταραχῇ</em></strong></span> <span class='ocrx_word' id='word_1_113' title='bbox 958 1758 1014 1816; x_wconf 79' lang='grc' dir='ltr'><strong><em>τοῦ</em></strong></span> <span class='ocrx_word' id='word_1_114' title='bbox 1028 1749 1135 1835; x_wconf 81' lang='grc' dir='ltr'><strong><em>ῥοθίου</em></strong></span> <span class='ocrx_word' id='word_1_115' title='bbox 1149 1749 1348 1831; x_wconf 67' lang='lat' dir='ltr'><strong>duraturi-c</strong></span> 
     </span>
     <span class='ocr_line' id='line_1_14' title="bbox 207 1842 1308 1939; baseline 0.001 -23"><span class='ocrx_word' id='word_1_116' title='bbox 207 1878 279 1935; x_wconf 87' lang='grc' dir='ltr'><strong><em>νην,</em></strong></span> <span class='ocrx_word' id='word_1_117' title='bbox 304 1849 454 1939; x_wconf 80' lang='grc' dir='ltr'><strong><em>σωτήριον</em></strong></span> <span class='ocrx_word' id='word_1_118' title='bbox 477 1850 551 1917; x_wconf 75' lang='grc' dir='ltr'><strong><em>εἶναι</em></strong></span> <span class='ocrx_word' id='word_1_119' title='bbox 573 1861 637 1929; x_wconf 79' lang='grc' dir='ltr'><strong><em>τοῖς</em></strong></span> <span class='ocrx_word' id='word_1_120' title='bbox 654 1853 778 1917; x_wconf 84' lang='grc' dir='ltr'><strong><em>πλέουσι</em></strong></span> <span class='ocrx_word' id='word_1_121' title='bbox 801 1848 1004 1934; x_wconf 83' lang='grc' dir='ltr'><strong><em>κατεστήσατο</em></strong></span> <span class='ocrx_word' id='word_1_122' title='bbox 1023 1842 1092 1915; x_wconf 80' lang='grc' dir='ltr'><strong><em>ὧδε.</em></strong></span> <span class='ocrx_word' id='word_1_123' title='bbox 1142 1849 1198 1927; x_wconf 83' lang='grc' dir='ltr'><strong><em>τάς</em></strong></span> <span class='ocrx_word' id='word_1_124' title='bbox 1213 1858 1308 1934; x_wconf 81' lang='grc' dir='ltr'><strong><em>κιβω·</em></strong></span> 
     </span>
     <span class='ocr_line' id='line_1_15' title="bbox 207 1952 1309 2040; baseline 0.001 -22"><span class='ocrx_word' id='word_1_125' title='bbox 207 1953 280 2030; x_wconf 78' lang='grc' dir='ltr'><strong><em>τοάς</em></strong></span> <span class='ocrx_word' id='word_1_126' title='bbox 304 1956 493 2036; x_wconf 84' lang='grc' dir='ltr'><strong><em>καλουμένας</em></strong></span> <span class='ocrx_word' id='word_1_127' title='bbox 516 1955 707 2040; x_wconf 72' lang='grc' dir='ltr'><strong><em>ἀναρίθμους</em></strong></span> <span class='ocrx_word' id='word_1_128' title='bbox 734 1977 767 2017; x_wconf 81' lang='grc' dir='ltr'><strong><em>τε</em></strong></span> <span class='ocrx_word' id='word_1_129' title='bbox 798 1955 849 2019; x_wconf 81' lang='grc' dir='ltr'><strong><em>καλ</em></strong></span> <span class='ocrx_word' id='word_1_130' title='bbox 875 1952 1080 2039; x_wconf 84' lang='grc' dir='ltr'><strong><em>παμμεγέθεις</em></strong></span> <span class='ocrx_word' id='word_1_131' title='bbox 1102 1955 1309 2036; x_wconf 79' lang='grc' dir='ltr'><strong><em>πεποιημένος,</em></strong></span> 
     </span>
     <span class='ocr_line' id='line_1_16' title="bbox 164 2052 1308 2144; baseline -0.007 -18"><span class='ocrx_word' id='word_1_132' title='bbox 164 2070 201 2126; x_wconf 83' lang='grc'><strong><em>15</em></strong></span> <span class='ocrx_word' id='word_1_133' title='bbox 210 2056 431 2143; x_wconf 76' lang='grc' dir='ltr'><strong><em>ἀμφοτέρωθέν</em></strong></span> <span class='ocrx_word' id='word_1_134' title='bbox 450 2081 483 2121; x_wconf 86' lang='grc' dir='ltr'><strong><em>τε</em></strong></span> <span class='ocrx_word' id='word_1_135' title='bbox 501 2055 598 2132; x_wconf 83' lang='grc' dir='ltr'><strong><em>αάτάς</em></strong></span> <span class='ocrx_word' id='word_1_136' title='bbox 615 2063 672 2139; x_wconf 80' lang='grc' dir='ltr'><strong><em>τῆς.</em></strong></span> <span class='ocrx_word' id='word_1_137' title='bbox 686 2052 787 2139; x_wconf 75' lang='grc' dir='ltr'><strong><em>ἠιόνος</em></strong></span> <span class='ocrx_word' id='word_1_138' title='bbox 805 2059 991 2121; x_wconf 81' lang='grc' dir='ltr'><strong><em>έπιπλεῖστον</em></strong></span> <span class='ocrx_word' id='word_1_139' title='bbox 1005 2057 1167 2142; x_wconf 75' lang='grc' dir='ltr'><strong><em>ἐγκαρσίας</em></strong></span> <span class='ocrx_word' id='word_1_140' title='bbox 1179 2056 1308 2144; x_wconf 79' lang='grc' dir='ltr'><strong><em>ἀπορρι-</em></strong></span> 
     </span>
    </p>

    <p class='ocr_par' dir='ltr' id='par_1_3' title="bbox 144 2155 1323 2555">
     <span class='ocr_line' id='line_1_17' title="bbox 144 2155 1308 2252; baseline -0.002 -27"><span class='ocrx_word' id='word_1_141' title='bbox 144 2215 151 2225; x_wconf 90' lang='grc'><strong><em>..</em></strong></span> <span class='ocrx_word' id='word_1_142' title='bbox 205 2158 360 2243; x_wconf 77' lang='grc' dir='ltr'><strong><em>ψάμενος,</em></strong></span> <span class='ocrx_word' id='word_1_143' title='bbox 386 2158 436 2224; x_wconf 89' lang='grc' dir='ltr'><strong><em>ἀεί</em></strong></span> <span class='ocrx_word' id='word_1_144' title='bbox 448 2184 480 2225; x_wconf 92' lang='grc' dir='ltr'><strong><em>τε</em></strong></span> <span class='ocrx_word' id='word_1_145' title='bbox 502 2166 563 2248; x_wconf 78' lang='grc' dir='ltr'><strong><em>τῶν</em></strong></span> <span class='ocrx_word' id='word_1_146' title='bbox 577 2160 734 2252; x_wconf 73' lang='grc' dir='ltr'><strong><em>προτέρων</em></strong></span> <span class='ocrx_word' id='word_1_147' title='bbox 747 2156 946 2245; x_wconf 71' lang='grc' dir='ltr'><strong><em>καθάπερθεν</em></strong></span> <span class='ocrx_word' id='word_1_148' title='bbox 965 2156 1074 2245; x_wconf 67' lang='grc' dir='ltr'><strong><em>ἑτέρων</em></strong></span> <span class='ocrx_word' id='word_1_149' title='bbox 1093 2158 1125 2221; x_wconf 80' lang='grc' dir='ltr'><strong><em>έν</em></strong></span> <span class='ocrx_word' id='word_1_150' title='bbox 1144 2155 1226 2235; x_wconf 81' lang='grc' dir='ltr'><strong><em>τάξει</em></strong></span> <span class='ocrx_word' id='word_1_151' title='bbox 1241 2160 1308 2223; x_wconf 75' lang='lat' dir='ltr'><strong>dru-</strong></span> 
     </span>
     <span class='ocr_line' id='line_1_18' title="bbox 205 2259 1308 2347; baseline -0.003 -18"><span class='ocrx_word' id='word_1_152' title='bbox 205 2262 304 2345; x_wconf 75' lang='grc' dir='ltr'><strong><em>βολὴν</em></strong></span> <span class='ocrx_word' id='word_1_153' title='bbox 324 2262 529 2345; x_wconf 82' lang='grc' dir='ltr'><strong><em>ένειθέμενος,</em></strong></span> <span class='ocrx_word' id='word_1_154' title='bbox 550 2265 670 2345; x_wconf 84' lang='grc' dir='ltr'><strong><em>τοίχους</em></strong></span> <span class='ocrx_word' id='word_1_155' title='bbox 691 2264 851 2347; x_wconf 72' lang='grc' dir='ltr'><strong><em>πελαγίους</em></strong></span> <span class='ocrx_word' id='word_1_156' title='bbox 871 2262 1064 2337; x_wconf 87' lang='grc' dir='ltr'><strong><em>ἀπεναντίους</em></strong></span> <span class='ocrx_word' id='word_1_157' title='bbox 1085 2259 1223 2344; x_wconf 79' lang='grc' dir='ltr'><strong><em>ἀλλήλων</em></strong></span> <span class='ocrx_word' id='word_1_158' title='bbox 1239 2260 1308 2327; x_wconf 88' lang='grc' dir='ltr'><strong><em>ἀνέ-</em></strong></span> 
     </span>
     <span class='ocr_line' id='line_1_19' title="bbox 205 2355 1323 2451; baseline -0.002 -20"><span class='ocrx_word' id='word_1_159' title='bbox 205 2391 300 2450; x_wconf 91' lang='grc' dir='ltr'><strong><em>στησε</em></strong></span> <span class='ocrx_word' id='word_1_160' title='bbox 321 2363 377 2429; x_wconf 80' lang='lat' dir='ltr'><strong>dria</strong></span> <span class='ocrx_word' id='word_1_161' title='bbox 394 2367 427 2429; x_wconf 80' lang='grc' dir='ltr'><strong><em>έκ</em></strong></span> <span class='ocrx_word' id='word_1_162' title='bbox 449 2371 511 2430; x_wconf 79' lang='grc' dir='ltr'><strong><em>τῶν</em></strong></span> <span class='ocrx_word' id='word_1_163' title='bbox 530 2372 585 2451; x_wconf 78' lang='grc' dir='ltr'><strong><em>τῇς</em></strong></span> <span class='ocrx_word' id='word_1_164' title='bbox 599 2363 737 2445; x_wconf 77' lang='grc' dir='ltr'><strong><em>ἀβόσσου</em></strong></span> <span class='ocrx_word' id='word_1_165' title='bbox 757 2366 912 2451; x_wconf 70' lang='grc' dir='ltr'><strong><em>κρηπίδων</em></strong></span> <span class='ocrx_word' id='word_1_166' title='bbox 933 2366 1022 2451; x_wconf 84' lang='grc' dir='ltr'><strong><em>μέχρι</em></strong></span> <span class='ocrx_word' id='word_1_167' title='bbox 1039 2366 1070 2441; x_wconf 80' lang='grc' dir='ltr'><strong><em>ές</em></strong></span> <span class='ocrx_word' id='word_1_168' title='bbox 1089 2363 1124 2428; x_wconf 84' lang='grc' dir='ltr'><strong><em>τὸ</em></strong></span> <span class='ocrx_word' id='word_1_169' title='bbox 1139 2362 1242 2451; x_wconf 76' lang='grc' dir='ltr'><strong><em>ὕδωρ,</em></strong></span> <span class='ocrx_word' id='word_1_170' title='bbox 1264 2355 1323 2430; x_wconf 78' lang='grc' dir='ltr'><strong><em>ὧν·</em></strong></span> 
     </span>
     <span class='ocr_line' id='line_1_20' title="bbox 207 2465 1309 2555; baseline -0.001 -23"><span class='ocrx_word' id='word_1_171' title='bbox 207 2469 246 2551; x_wconf 79' lang='grc' dir='ltr'><strong><em>δὴ</em></strong></span> <span class='ocrx_word' id='word_1_172' title='bbox 265 2468 297 2533; x_wconf 85' lang='lat' dir='ltr'><strong>ui</strong></span> <span class='ocrx_word' id='word_1_173' title='bbox 314 2469 377 2545; x_wconf 91' lang='grc' dir='ltr'><strong><em>νέες</em></strong></span> <span class='ocrx_word' id='word_1_174' title='bbox 397 2466 658 2555; x_wconf 80' lang='grc' dir='ltr'><strong><em>ε’ναπερειδόμεναι</em></strong></span> <span class='ocrx_word' id='word_1_175' title='bbox 678 2468 811 2532; x_wconf 88' lang='grc' dir='ltr'><strong><em>πλεόυσι.</em></strong></span> <span class='ocrx_word' id='word_1_176' title='bbox 862 2469 974 2554; x_wconf 90' lang='grc' dir='ltr'><strong><em>πέτρας</em></strong></span> <span class='ocrx_word' id='word_1_177' title='bbox 997 2494 1028 2533; x_wconf 87' lang='grc' dir='ltr'><strong><em>τε</em></strong></span> <span class='ocrx_word' id='word_1_178' title='bbox 1050 2466 1085 2530; x_wconf 85' lang='grc' dir='ltr'><strong><em>τὸ</em></strong></span> <span class='ocrx_word' id='word_1_179' title='bbox 1105 2465 1210 2532; x_wconf 81' lang='grc' dir='ltr'><strong><em>λοιπὸν</em></strong></span> <span class='ocrx_word' id='word_1_180' title='bbox 1229 2468 1309 2531; x_wconf 84' lang='grc' dir='ltr'><strong><em>ἀπο·</em></strong></span> 
     </span>
    </p>
   </div>
   <div class='ocr_carea' id='block_1_3' title="bbox 157 2560 1350 3170">
    <p class='ocr_par' dir='ltr' id='par_1_4' title="bbox 157 2560 1350 3067">
     <span class='ocr_line' id='line_1_21' title="bbox 157 2560 1309 2659; baseline 0 -24"><span class='ocrx_word' id='word_1_181' title='bbox 157 2569 430 2657; x_wconf 48' lang='grc' dir='ltr'><strong><em>’ωτόμουςπαότη</em></strong></span> <span class='ocrx_word' id='word_1_182' title='bbox 445 2573 640 2655; x_wconf 71' lang='grc' dir='ltr'><strong><em>ἐμβέβληται.</em></strong></span> <span class='ocrx_word' id='word_1_183' title='bbox 690 2560 734 2635; x_wconf 82' lang='grc' dir='ltr'><strong><em>ὧν</em></strong></span> <span class='ocrx_word' id='word_1_184' title='bbox 747 2572 785 2653; x_wconf 79' lang='grc' dir='ltr'><strong><em>δὴ</em></strong></span> <span class='ocrx_word' id='word_1_185' title='bbox 800 2571 877 2658; x_wconf 80' lang='grc' dir='ltr'><strong><em>πρὸς</em></strong></span> <span class='ocrx_word' id='word_1_186' title='bbox 890 2580 944 2636; x_wconf 74' lang='grc' dir='ltr'><strong><em>τοῦ</em></strong></span> <span class='ocrx_word' id='word_1_187' title='bbox 958 2571 1065 2659; x_wconf 77' lang='grc' dir='ltr'><strong><em>ῥοθίων</em></strong></span> <span class='ocrx_word' id='word_1_188' title='bbox 1082 2569 1309 2656; x_wconf 81' lang='grc' dir='ltr'><strong><em>ἀρασσομένων,</em></strong></span> 
     </span>
     <span class='ocr_line' id='line_1_22' title="bbox 207 2672 1308 2758; baseline 0 -22"><span class='ocrx_word' id='word_1_189' title='bbox 207 2673 460 2758; x_wconf 86' lang='grc' dir='ltr'><strong><em>ἀποκρουομένων</em></strong></span> <span class='ocrx_word' id='word_1_190' title='bbox 479 2699 512 2738; x_wconf 86' lang='grc' dir='ltr'><strong><em>τε</em></strong></span> <span class='ocrx_word' id='word_1_191' title='bbox 533 2674 589 2754; x_wconf 78' lang='grc' dir='ltr'><strong><em>τὴν</em></strong></span> <span class='ocrx_word' id='word_1_192' title='bbox 604 2678 659 2737; x_wconf 71' lang='grc' dir='ltr'><strong><em>τοῦ</em></strong></span> <span class='ocrx_word' id='word_1_193' title='bbox 680 2675 846 2739; x_wconf 72' lang='grc' dir='ltr'><strong><em>κλυδωνίου</em></strong></span> <span class='ocrx_word' id='word_1_194' title='bbox 865 2675 1018 2752; x_wconf 84' lang='grc' dir='ltr'><strong><em>έπίθεσιν,</em></strong></span> <span class='ocrx_word' id='word_1_195' title='bbox 1037 2674 1087 2737; x_wconf 80' lang='grc' dir='ltr'><strong><em>καί</em></strong></span> <span class='ocrx_word' id='word_1_196' title='bbox 1108 2672 1219 2755; x_wconf 79' lang='grc' dir='ltr'><strong><em>ἀνέμου</em></strong></span> <span class='ocrx_word' id='word_1_197' title='bbox 1242 2696 1308 2754; x_wconf 79' lang='grc' dir='ltr'><strong><em>χει·</em></strong></span> 
     </span>
     <span class='ocr_line' id='line_1_23' title="bbox 205 2770 1309 2864; baseline -0.001 -24"><span class='ocrx_word' id='word_1_198' title='bbox 205 2782 307 2857; x_wconf 75' lang='grc' dir='ltr'><strong><em>μόνος</em></strong></span> <span class='ocrx_word' id='word_1_199' title='bbox 320 2772 388 2864; x_wconf 73' lang='grc' dir='ltr'><strong><em>ὥρᾳ</em></strong></span> <span class='ocrx_word' id='word_1_200' title='bbox 400 2772 591 2856; x_wconf 81' lang='grc' dir='ltr'><strong><em>καταβάντος</em></strong></span> <span class='ocrx_word' id='word_1_201' title='bbox 603 2778 747 2859; x_wconf 77' lang='grc' dir='ltr'><strong><em>σκληροῦ,</em></strong></span> <span class='ocrx_word' id='word_1_202' title='bbox 773 2776 905 2859; x_wconf 75' lang='grc' dir='ltr'><strong><em>διαμένει</em></strong></span> <span class='ocrx_word' id='word_1_203' title='bbox 920 2777 960 2839; x_wconf 78' lang='lat' dir='ltr'><strong>sd</strong></span> <span class='ocrx_word' id='word_1_204' title='bbox 977 2774 1061 2850; x_wconf 82' lang='grc' dir='ltr'><strong><em>ε’ντός</em></strong></span> <span class='ocrx_word' id='word_1_205' title='bbox 1075 2770 1173 2858; x_wconf 70' lang='grc' dir='ltr'><strong><em>ἡσυχῆ</em></strong></span> <span class='ocrx_word' id='word_1_206' title='bbox 1189 2774 1309 2839; x_wconf 80' lang='grc' dir='ltr'><strong><em>ἅπαντα</em></strong></span> 
     </span>
     <span class='ocr_line' id='line_1_24' title="bbox 204 2869 1350 2961; baseline -0.002 -17"><span class='ocrx_word' id='word_1_207' title='bbox 204 2885 268 2944; x_wconf 79' lang='grc' dir='ltr'><strong><em>τάν</em></strong></span> <span class='ocrx_word' id='word_1_208' title='bbox 294 2878 420 2959; x_wconf 83' lang='grc' dir='ltr'><strong><em>τοίχων,</em></strong></span> <span class='ocrx_word' id='word_1_209' title='bbox 449 2869 564 2961; x_wconf 72' lang='grc' dir='ltr'><strong><em>μεταξὺ</em></strong></span> <span class='ocrx_word' id='word_1_210' title='bbox 589 2884 676 2960; x_wconf 82' lang='grc' dir='ltr'><strong><em>μιᾶςΙ</em></strong></span> <span class='ocrx_word' id='word_1_211' title='bbox 689 2870 942 2961; x_wconf 85' lang='grc' dir='ltr'><strong><em>ἀπολελειμμένης</em></strong></span> <span class='ocrx_word' id='word_1_212' title='bbox 966 2880 1013 2942; x_wconf 73' lang='grc' dir='ltr'><strong><em>ἐπί</em></strong></span> <span class='ocrx_word' id='word_1_213' title='bbox 1038 2877 1091 2943; x_wconf 77' lang='grc' dir='ltr'><strong><em>τόν</em></strong></span> <span class='ocrx_word' id='word_1_214' title='bbox 1114 2876 1221 2959; x_wconf 81' lang='grc' dir='ltr'><strong><em>λιμένα</em></strong></span> <span class='ocrx_word' id='word_1_215' title='bbox 1245 2888 1350 2958; x_wconf 69' lang='lat' dir='ltr'><strong>enirn</strong></span> 
     </span>
     <span class='ocr_line' id='line_1_25' title="bbox 204 2969 1314 3067; baseline 0 -24"><span class='ocrx_word' id='word_1_216' title='bbox 204 2982 323 3055; x_wconf 87' lang='grc' dir='ltr'><strong><em>πλοίοις</em></strong></span> <span class='ocrx_word' id='word_1_217' title='bbox 343 2977 473 3045; x_wconf 79' lang='grc' dir='ltr'><strong><em>είσόάου.</em></strong></span> <span class='ocrx_word' id='word_1_218' title='bbox 524 2969 661 3046; x_wconf 75' lang='grc' dir='ltr'><strong><em>ένταάθα</em></strong></span> <span class='ocrx_word' id='word_1_219' title='bbox 683 2980 719 3043; x_wconf 78' lang='grc' dir='ltr'><strong><em>δέ</em></strong></span> <span class='ocrx_word' id='word_1_220' title='bbox 740 2983 792 3043; x_wconf 79' lang='grc' dir='ltr'><strong><em>καλ</em></strong></span> <span class='ocrx_word' id='word_1_221' title='bbox 812 2980 877 3066; x_wconf 74' lang='grc' dir='ltr'><strong><em>ἱερά</em></strong></span> <span class='ocrx_word' id='word_1_222' title='bbox 899 2981 1006 3063; x_wconf 85' lang='grc' dir='ltr'><strong><em>τεμένη</em></strong></span> <span class='ocrx_word' id='word_1_223' title='bbox 1030 2983 1205 3063; x_wconf 89' lang='grc' dir='ltr'><strong><em>πεποίηται,</em></strong></span> <span class='ocrx_word' id='word_1_224' title='bbox 1230 2970 1314 3067; x_wconf 75' lang='grc' dir='ltr'><strong><em>ᾗπέρ·</em></strong></span> 
     </span>
    </p>

    <p class='ocr_par' dir='ltr' id='par_1_5' title="bbox 161 3081 1307 3170">
     <span class='ocr_line' id='line_1_26' title="bbox 161 3081 1307 3170; baseline -0.001 -20"><span class='ocrx_word' id='word_1_225' title='bbox 161 3095 260 3167; x_wconf 59' lang='lat' dir='ltr'><strong>&amp;pror</strong></span> <span class='ocrx_word' id='word_1_226' title='bbox 277 3082 451 3168; x_wconf 87' lang='grc' dir='ltr'><strong><em>έμπροσθεν</em></strong></span> <span class='ocrx_word' id='word_1_227' title='bbox 466 3082 654 3168; x_wconf 76' lang='grc' dir='ltr'><strong><em>ἀεάιίμηται,</em></strong></span> <span class='ocrx_word' id='word_1_228' title='bbox 679 3084 730 3148; x_wconf 77' lang='grc' dir='ltr'><strong><em>καὶ</em></strong></span> <span class='ocrx_word' id='word_1_229' title='bbox 748 3081 842 3162; x_wconf 81' lang='grc' dir='ltr'><strong><em>στοάς</em></strong></span> <span class='ocrx_word' id='word_1_230' title='bbox 857 3108 889 3149; x_wconf 84' lang='grc' dir='ltr'><strong><em>τε</em></strong></span> <span class='ocrx_word' id='word_1_231' title='bbox 906 3086 956 3148; x_wconf 79' lang='grc' dir='ltr'><strong><em>καλ</em></strong></span> <span class='ocrx_word' id='word_1_232' title='bbox 973 3084 1088 3170; x_wconf 79' lang='grc' dir='ltr'><strong><em>ἀγοράς</em></strong></span> <span class='ocrx_word' id='word_1_233' title='bbox 1100 3084 1152 3147; x_wconf 76' lang='grc' dir='ltr'><strong><em>καὶ</em></strong></span> <span class='ocrx_word' id='word_1_234' title='bbox 1170 3087 1307 3169; x_wconf 78' lang='grc' dir='ltr'><strong><em>λουτρῶ-</em></strong></span> 
     </span>
    </p>
   </div>
   <div class='ocr_carea' id='block_1_4' title="bbox 272 3218 1308 3442">
    <p class='ocr_par' dir='ltr' id='par_1_6' title="bbox 272 3218 1308 3442">
     <span class='ocr_line' id='line_1_27' title="bbox 273 3218 1308 3296; baseline -0.001 -17"><span class='ocrx_word' id='word_1_235' title='bbox 273 3225 300 3279; x_wconf 77' lang='grc'><strong><em>4.</em></strong></span> <span class='ocrx_word' id='word_1_236' title='bbox 317 3224 409 3279; x_wconf 78' lang='lat' dir='ltr'><strong>Addidi</strong></span> <span class='ocrx_word' id='word_1_237' title='bbox 418 3220 537 3291; x_wconf 76' lang='grc' dir='ltr'><strong><em>’ίεριῖοπ</em></strong></span> <span class='ocrx_word' id='word_1_238' title='bbox 571 3225 649 3281; x_wconf 73' lang='lat' dir='ltr'><strong>Crat.</strong></span> <span class='ocrx_word' id='word_1_239' title='bbox 660 3242 686 3296; x_wconf 82' lang='lat' dir='ltr'><strong><em>p.</em></strong></span> <span class='ocrx_word' id='word_1_240' title='bbox 698 3227 733 3283; x_wconf 84' lang='lat'><strong><em>12</em></strong></span> <span class='ocrx_word' id='word_1_241' title='bbox 742 3226 769 3281; x_wconf 87' lang='lat' dir='ltr'><strong><em>b.</em></strong></span> <span class='ocrx_word' id='word_1_242' title='bbox 898 3226 925 3282; x_wconf 78' lang='lat'><strong><em>5.</em></strong></span> <span class='ocrx_word' id='word_1_243' title='bbox 942 3218 1141 3295; x_wconf 77' lang='grc' dir='ltr'><strong><em>σόει-σόει]</em></strong></span> <span class='ocrx_word' id='word_1_244' title='bbox 1158 3222 1308 3295; x_wconf 83' lang='lat' dir='ltr'><strong>Legebetur</strong></span> 
     </span>
     <span class='ocr_line' id='line_1_28' title="bbox 274 3288 1305 3365; baseline 0.001 -18"><span class='ocrx_word' id='word_1_245' title='bbox 274 3288 475 3349; x_wconf 75' lang='lat' dir='ltr'><strong>aridi-aridi.</strong></span> <span class='ocrx_word' id='word_1_246' title='bbox 562 3296 604 3350; x_wconf 81' lang='lat'><strong><em>12.</em></strong></span> <span class='ocrx_word' id='word_1_247' title='bbox 622 3289 838 3365; x_wconf 75' lang='grc' dir='ltr'><strong><em>ἀμφοτέρωθεν]</em></strong></span> <span class='ocrx_word' id='word_1_248' title='bbox 854 3292 1028 3365; x_wconf 63' lang='grc' dir='ltr'><strong><em>ἑκατέρωθεν</em></strong></span> <span class='ocrx_word' id='word_1_249' title='bbox 1044 3294 1103 3349; x_wconf 82' lang='lat' dir='ltr'><strong><em>CH.</em></strong></span> <span class='ocrx_word' id='word_1_250' title='bbox 1187 3297 1230 3351; x_wconf 82' lang='lat'><strong><em>16.</em></strong></span> <span class='ocrx_word' id='word_1_251' title='bbox 1246 3289 1305 3349; x_wconf 73' lang='grc' dir='ltr'><strong><em>ἐπι·</em></strong></span> 
     </span>
     <span class='ocr_line' id='line_1_29' title="bbox 272 3359 633 3442; baseline 0.003 -26"><span class='ocrx_word' id='word_1_252' title='bbox 272 3359 554 3442; x_wconf 63' lang='grc' dir='ltr'><strong><em>βολὴνλάπερβολὴν</em></strong></span> <span class='ocrx_word' id='word_1_253' title='bbox 573 3362 633 3417; x_wconf 81' lang='lat' dir='ltr'><strong><em>CH.</em></strong></span> 
     </span>
    </p>
   </div>
   <div class='ocr_carea' id='block_1_5' title="bbox 202 3479 1309 4517">
    <p class='ocr_par' dir='ltr' id='par_1_7' title="bbox 203 3479 1309 3621">
     <span class='ocr_line' id='line_1_30' title="bbox 205 3479 1309 3554; baseline 0.002 -19"><span class='ocrx_word' id='word_1_254' title='bbox 205 3488 378 3552; x_wconf 80' lang='lat' dir='ltr'><strong>expetuntur,</strong></span> <span class='ocrx_word' id='word_1_255' title='bbox 394 3482 465 3553; x_wconf 82' lang='lat' dir='ltr'><strong>ipses</strong></span> <span class='ocrx_word' id='word_1_256' title='bbox 476 3488 619 3554; x_wconf 83' lang='lat' dir='ltr'><strong>opportune</strong></span> <span class='ocrx_word' id='word_1_257' title='bbox 631 3481 796 3553; x_wconf 68' lang='lat' dir='ltr'><strong><em>suppeditant</em></strong></span> <span class='ocrx_word' id='word_1_258' title='bbox 811 3480 989 3553; x_wconf 79' lang='lat' dir='ltr'><strong>indigentibus.</strong></span> <span class='ocrx_word' id='word_1_259' title='bbox 1024 3480 1065 3535; x_wconf 84' lang='lat' dir='ltr'><strong><em>Ita</em></strong></span> <span class='ocrx_word' id='word_1_260' title='bbox 1076 3479 1230 3535; x_wconf 69' lang='lat' dir='ltr'><strong><em>lastinianus</em></strong></span> <span class='ocrx_word' id='word_1_261' title='bbox 1242 3482 1309 3551; x_wconf 78' lang='lat' dir='ltr'><strong>Aug.</strong></span> 
     </span>
     <span class='ocr_line' id='line_1_31' title="bbox 203 3551 1212 3621; baseline -0.001 -17"><span class='ocrx_word' id='word_1_262' title='bbox 203 3551 337 3619; x_wconf 68' lang='lat' dir='ltr'><strong>Byzantiis</strong></span> <span class='ocrx_word' id='word_1_263' title='bbox 346 3551 443 3603; x_wconf 80' lang='lat' dir='ltr'>dulcem</span> <span class='ocrx_word' id='word_1_264' title='bbox 454 3568 543 3621; x_wconf 80' lang='lat' dir='ltr'><strong>aquarn</strong></span> <span class='ocrx_word' id='word_1_265' title='bbox 556 3551 675 3621; x_wconf 84' lang='lat' dir='ltr'><strong>providit.</strong></span> <span class='ocrx_word' id='word_1_266' title='bbox 1211 3563 1212 3569; x_wconf 75' lang='grc'>’</span> 
     </span>
    </p>

    <p class='ocr_par' dir='ltr' id='par_1_8' title="bbox 202 3618 1308 4517">
     <span class='ocr_line' id='line_1_32' title="bbox 273 3618 1308 3692; baseline -0.001 -20"><span class='ocrx_word' id='word_1_267' title='bbox 273 3621 343 3673; x_wconf 82' lang='lat' dir='ltr'><strong>idern</strong></span> <span class='ocrx_word' id='word_1_268' title='bbox 359 3618 419 3672; x_wconf 88' lang='lat' dir='ltr'><strong>aiibi</strong></span> <span class='ocrx_word' id='word_1_269' title='bbox 431 3628 498 3673; x_wconf 81' lang='lat' dir='ltr'><strong>nura</strong></span> <span class='ocrx_word' id='word_1_270' title='bbox 509 3622 605 3691; x_wconf 82' lang='lat' dir='ltr'><strong>palatia</strong></span> <span class='ocrx_word' id='word_1_271' title='bbox 617 3620 775 3681; x_wconf 70' lang='lat' dir='ltr'><strong><em>construxit.</em></strong></span> <span class='ocrx_word' id='word_1_272' title='bbox 793 3637 883 3692; x_wconf 84' lang='lat' dir='ltr'><strong>neurpe</strong></span> <span class='ocrx_word' id='word_1_273' title='bbox 899 3618 925 3673; x_wconf 89' lang='lat' dir='ltr'><strong><em>in</em></strong></span> <span class='ocrx_word' id='word_1_274' title='bbox 937 3618 1059 3684; x_wconf 78' lang='lat' dir='ltr'><strong>Heraea,</strong></span> <span class='ocrx_word' id='word_1_275' title='bbox 1074 3625 1104 3672; x_wconf 85' lang='lat' dir='ltr'><strong><em>nt</em></strong></span> <span class='ocrx_word' id='word_1_276' title='bbox 1119 3618 1196 3672; x_wconf 81' lang='lat' dir='ltr'><strong>hodia</strong></span> <span class='ocrx_word' id='word_1_277' title='bbox 1206 3627 1308 3685; x_wconf 81' lang='lat' dir='ltr'><strong>vorant,</strong></span> 
     </span>
     <span class='ocr_line' id='line_1_33' title="bbox 204 3688 1308 3760; baseline -0.003 -18"><span class='ocrx_word' id='word_1_278' title='bbox 204 3695 232 3742; x_wconf 89' lang='lat' dir='ltr'><strong><em>et</em></strong></span> <span class='ocrx_word' id='word_1_279' title='bbox 248 3688 275 3740; x_wconf 92' lang='lat' dir='ltr'><strong><em>in</em></strong></span> <span class='ocrx_word' id='word_1_280' title='bbox 290 3688 465 3743; x_wconf 77' lang='lat' dir='ltr'><strong>lucrandiauisz</strong></span> <span class='ocrx_word' id='word_1_281' title='bbox 482 3705 589 3757; x_wconf 74' lang='lat' dir='ltr'><strong>quorun</strong></span> <span class='ocrx_word' id='word_1_282' title='bbox 606 3706 654 3758; x_wconf 85' lang='lat' dir='ltr'><strong><em>ego</em></strong></span> <span class='ocrx_word' id='word_1_283' title='bbox 673 3708 721 3742; x_wconf 84' lang='lat' dir='ltr'><strong><em>nec</em></strong></span> <span class='ocrx_word' id='word_1_284' title='bbox 739 3689 901 3760; x_wconf 67' lang='lat' dir='ltr'>splendorem</span> <span class='ocrx_word' id='word_1_285' title='bbox 920 3703 975 3742; x_wconf 81' lang='lat' dir='ltr'><strong><em>eum</em></strong></span> <span class='ocrx_word' id='word_1_286' title='bbox 993 3696 1050 3741; x_wconf 88' lang='lat' dir='ltr'><strong>arta</strong></span> <span class='ocrx_word' id='word_1_287' title='bbox 1067 3688 1190 3755; x_wconf 74' lang='lat' dir='ltr'><strong>singulari</strong></span> <span class='ocrx_word' id='word_1_288' title='bbox 1201 3688 1308 3740; x_wconf 84' lang='lat' dir='ltr'><strong>coniun-</strong></span> 
     </span>
     <span class='ocr_line' id='line_1_34' title="bbox 202 3756 1308 3828; baseline 0 -19"><span class='ocrx_word' id='word_1_289' title='bbox 202 3765 286 3825; x_wconf 72' lang='grc' dir='ltr'><strong><em>σενι,</em></strong></span> <span class='ocrx_word' id='word_1_290' title='bbox 303 3774 353 3819; x_wconf 77' lang='lat' dir='ltr'><strong><em>nee</em></strong></span> <span class='ocrx_word' id='word_1_291' title='bbox 368 3758 563 3826; x_wconf 74' lang='lat' dir='ltr'><strong>magnitudinem</strong></span> <span class='ocrx_word' id='word_1_292' title='bbox 580 3758 727 3811; x_wconf 75' lang='lat' dir='ltr'><strong>concinnata</strong></span> <span class='ocrx_word' id='word_1_293' title='bbox 745 3776 859 3827; x_wconf 85' lang='lat' dir='ltr'><strong>exequar</strong></span> <span class='ocrx_word' id='word_1_294' title='bbox 877 3774 985 3826; x_wconf 88' lang='lat' dir='ltr'><strong>unquaru</strong></span> <span class='ocrx_word' id='word_1_295' title='bbox 1003 3774 1050 3828; x_wconf 88' lang='lat' dir='ltr'><strong>pru</strong></span> <span class='ocrx_word' id='word_1_296' title='bbox 1067 3756 1203 3825; x_wconf 73' lang='lat' dir='ltr'><strong>dignitate.</strong></span> <span class='ocrx_word' id='word_1_297' title='bbox 1237 3756 1308 3809; x_wconf 83' lang='lat' dir='ltr'><strong>Satis</strong></span> 
     </span>
     <span class='ocr_line' id='line_1_35' title="bbox 203 3824 1307 3897; baseline -0.001 -19"><span class='ocrx_word' id='word_1_298' title='bbox 203 3824 286 3879; x_wconf 74' lang='lat' dir='ltr'><strong>babeo</strong></span> <span class='ocrx_word' id='word_1_299' title='bbox 298 3826 398 3895; x_wconf 81' lang='lat' dir='ltr'><strong>dicere,</strong></span> <span class='ocrx_word' id='word_1_300' title='bbox 416 3844 448 3879; x_wconf 89' lang='lat' dir='ltr'><strong><em>ea</em></strong></span> <span class='ocrx_word' id='word_1_301' title='bbox 460 3844 517 3879; x_wconf 82' lang='lat' dir='ltr'><strong>esse</strong></span> <span class='ocrx_word' id='word_1_302' title='bbox 529 3825 625 3896; x_wconf 79' lang='lat' dir='ltr'><strong>palatia</strong></span> <span class='ocrx_word' id='word_1_303' title='bbox 635 3844 652 3879; x_wconf 90' lang='lat' dir='ltr'><strong>a</strong></span> <span class='ocrx_word' id='word_1_304' title='bbox 664 3827 800 3879; x_wconf 85' lang='lat' dir='ltr'><strong>lustiuieuu</strong></span> <span class='ocrx_word' id='word_1_305' title='bbox 812 3827 915 3880; x_wconf 88' lang='lat' dir='ltr'><strong>condita</strong></span> <span class='ocrx_word' id='word_1_306' title='bbox 927 3834 1062 3897; x_wconf 75' lang='lat' dir='ltr'><strong>praesente</strong></span> <span class='ocrx_word' id='word_1_307' title='bbox 1078 3835 1104 3877; x_wconf 87' lang='lat' dir='ltr'><strong><em>et</em></strong></span> <span class='ocrx_word' id='word_1_308' title='bbox 1117 3825 1251 3878; x_wconf 85' lang='lat' dir='ltr'><strong>adiiciente</strong></span> <span class='ocrx_word' id='word_1_309' title='bbox 1263 3843 1307 3877; x_wconf 88' lang='lat' dir='ltr'><strong><em>so-</em></strong></span> 
     </span>
     <span class='ocr_line' id='line_1_36' title="bbox 202 3895 1306 3965; baseline -0.002 -18"><span class='ocrx_word' id='word_1_310' title='bbox 202 3895 318 3960; x_wconf 79' lang='lat' dir='ltr'><strong>lertiam,</strong></span> <span class='ocrx_word' id='word_1_311' title='bbox 337 3912 385 3945; x_wconf 85' lang='lat' dir='ltr'><strong><em>uec</em></strong></span> <span class='ocrx_word' id='word_1_312' title='bbox 401 3902 540 3964; x_wconf 78' lang='lat' dir='ltr'><strong>spernente</strong></span> <span class='ocrx_word' id='word_1_313' title='bbox 557 3895 710 3964; x_wconf 73' lang='lat' dir='ltr'><strong>quidquam,</strong></span> <span class='ocrx_word' id='word_1_314' title='bbox 727 3896 775 3949; x_wconf 82' lang='lat' dir='ltr'><strong>nisi</strong></span> <span class='ocrx_word' id='word_1_315' title='bbox 792 3897 935 3965; x_wconf 77' lang='lat' dir='ltr'><strong>impensas3</strong></span> <span class='ocrx_word' id='word_1_316' title='bbox 954 3912 1059 3965; x_wconf 84' lang='lat' dir='ltr'><strong>quarum</strong></span> <span class='ocrx_word' id='word_1_317' title='bbox 1076 3910 1172 3948; x_wconf 83' lang='lat' dir='ltr'><strong>summa</strong></span> <span class='ocrx_word' id='word_1_318' title='bbox 1188 3911 1306 3963; x_wconf 84' lang='lat' dir='ltr'><strong>compre-</strong></span> 
     </span>
     <span class='ocr_line' id='line_1_37' title="bbox 203 3964 1306 4033; baseline -0.003 -17"><span class='ocrx_word' id='word_1_319' title='bbox 203 3964 276 4016; x_wconf 77' lang='lat' dir='ltr'><strong>hendi</strong></span> <span class='ocrx_word' id='word_1_320' title='bbox 296 3964 494 4032; x_wconf 84' lang='lat' dir='ltr'><strong>animn&#39;nequit.</strong></span> <span class='ocrx_word' id='word_1_321' title='bbox 530 3964 632 4017; x_wconf 80' lang='lat' dir='ltr'><strong>Novum</strong></span> <span class='ocrx_word' id='word_1_322' title='bbox 652 3974 753 4033; x_wconf 83' lang='lat' dir='ltr'><strong>portum</strong></span> <span class='ocrx_word' id='word_1_323' title='bbox 774 3965 868 4017; x_wconf 87' lang='lat' dir='ltr'><strong>ibidem</strong></span> <span class='ocrx_word' id='word_1_324' title='bbox 890 3964 953 4017; x_wconf 83' lang='lat' dir='ltr'><strong>teuit</strong></span> <span class='ocrx_word' id='word_1_325' title='bbox 970 3981 1002 4016; x_wconf 85' lang='lat' dir='ltr'><strong><em>ae</em></strong></span> <span class='ocrx_word' id='word_1_326' title='bbox 1020 3964 1114 4017; x_wconf 84' lang='lat' dir='ltr'><strong>muniit.</strong></span> <span class='ocrx_word' id='word_1_327' title='bbox 1150 3964 1216 4015; x_wconf 83' lang='lat' dir='ltr'><strong>Nanr</strong></span> <span class='ocrx_word' id='word_1_328' title='bbox 1235 3964 1306 4014; x_wconf 84' lang='lat' dir='ltr'><strong>littus</strong></span> 
     </span>
     <span class='ocr_line' id='line_1_38' title="bbox 203 4032 1307 4104; baseline -0.002 -19"><span class='ocrx_word' id='word_1_329' title='bbox 203 4033 321 4101; x_wconf 86' lang='lat' dir='ltr'><strong>utrinque</strong></span> <span class='ocrx_word' id='word_1_330' title='bbox 332 4032 417 4084; x_wconf 84' lang='lat' dir='ltr'><strong>ventis</strong></span> <span class='ocrx_word' id='word_1_331' title='bbox 427 4033 598 4103; x_wconf 82' lang='lat' dir='ltr'><strong>fluctibusque</strong></span> <span class='ocrx_word' id='word_1_332' title='bbox 609 4032 684 4085; x_wconf 81' lang='lat' dir='ltr'><strong>iratis</strong></span> <span class='ocrx_word' id='word_1_333' title='bbox 694 4046 784 4104; x_wconf 84' lang='lat' dir='ltr'><strong>patere</strong></span> <span class='ocrx_word' id='word_1_334' title='bbox 802 4034 1018 4099; x_wconf 81' lang='lat' dir='ltr'><strong>animadvertens,</strong></span> <span class='ocrx_word' id='word_1_335' title='bbox 1036 4034 1116 4101; x_wconf 83' lang='lat' dir='ltr'><strong>ipsum</strong></span> <span class='ocrx_word' id='word_1_336' title='bbox 1130 4034 1307 4098; x_wconf 75' lang='lat' dir='ltr'><strong>enavigantibus</strong></span> 
     </span>
     <span class='ocr_line' id='line_1_39' title="bbox 202 4101 1305 4173; baseline -0.004 -19"><span class='ocrx_word' id='word_1_337' title='bbox 202 4103 313 4154; x_wconf 79' lang='lat' dir='ltr'><strong>satutare</strong></span> <span class='ocrx_word' id='word_1_338' title='bbox 326 4102 375 4153; x_wconf 85' lang='grc' dir='ltr'><strong><em>Ιιοσ</em></strong></span> <span class='ocrx_word' id='word_1_339' title='bbox 386 4101 460 4153; x_wconf 84' lang='lat' dir='ltr'><strong>modo</strong></span> <span class='ocrx_word' id='word_1_340' title='bbox 471 4103 591 4155; x_wconf 85' lang='lat' dir='ltr'><strong>reddidit.</strong></span> <span class='ocrx_word' id='word_1_341' title='bbox 627 4101 691 4153; x_wconf 83' lang='lat' dir='ltr'><strong><em>Cum</em></strong></span> <span class='ocrx_word' id='word_1_342' title='bbox 703 4118 785 4167; x_wconf 83' lang='lat' dir='ltr'><strong>areas,</strong></span> <span class='ocrx_word' id='word_1_343' title='bbox 804 4120 867 4172; x_wconf 82' lang='lat' dir='ltr'><strong>quas</strong></span> <span class='ocrx_word' id='word_1_344' title='bbox 879 4104 1018 4173; x_wconf 80' lang='lat' dir='ltr'><strong>appeliant,</strong></span> <span class='ocrx_word' id='word_1_345' title='bbox 1036 4101 1140 4153; x_wconf 80' lang='lat' dir='ltr'><strong>iecisset</strong></span> <span class='ocrx_word' id='word_1_346' title='bbox 1152 4102 1305 4167; x_wconf 80' lang='lat' dir='ltr'><strong>innumeras,</strong></span> 
     </span>
     <span class='ocr_line' id='line_1_40' title="bbox 203 4169 1305 4240; baseline 0 -19"><span class='ocrx_word' id='word_1_347' title='bbox 203 4170 341 4239; x_wconf 78' lang='lat' dir='ltr'><strong>etquidem</strong></span> <span class='ocrx_word' id='word_1_348' title='bbox 356 4170 494 4235; x_wconf 78' lang='lat' dir='ltr'><strong>maximas,</strong></span> <span class='ocrx_word' id='word_1_349' title='bbox 511 4172 569 4223; x_wconf 82' lang='lat' dir='ltr'><strong>hinc</strong></span> <span class='ocrx_word' id='word_1_350' title='bbox 587 4177 665 4240; x_wconf 80' lang='lat' dir='ltr'><strong>atqrre</strong></span> <span class='ocrx_word' id='word_1_351' title='bbox 678 4170 747 4223; x_wconf 86' lang='lat' dir='ltr'><strong>iiiinc</strong></span> <span class='ocrx_word' id='word_1_352' title='bbox 760 4189 792 4224; x_wconf 88' lang='lat' dir='ltr'><strong><em>ex</em></strong></span> <span class='ocrx_word' id='word_1_353' title='bbox 807 4172 895 4224; x_wconf 75' lang='lat' dir='ltr'><strong>littere</strong></span> <span class='ocrx_word' id='word_1_354' title='bbox 912 4184 1072 4223; x_wconf 83' lang='lat' dir='ltr'><strong>transversas</strong></span> <span class='ocrx_word' id='word_1_355' title='bbox 1088 4169 1164 4237; x_wconf 85' lang='lat' dir='ltr'><strong>louge</strong></span> <span class='ocrx_word' id='word_1_356' title='bbox 1183 4170 1209 4220; x_wconf 90' lang='lat' dir='ltr'><strong><em>in</em></strong></span> <span class='ocrx_word' id='word_1_357' title='bbox 1227 4169 1305 4221; x_wconf 82' lang='lat' dir='ltr'><strong>altum</strong></span> 
     </span>
     <span class='ocr_line' id='line_1_41' title="bbox 202 4237 1306 4309; baseline -0.002 -19"><span class='ocrx_word' id='word_1_358' title='bbox 202 4237 276 4306; x_wconf 75' lang='lat' dir='ltr'><strong>ierit,</strong></span> <span class='ocrx_word' id='word_1_359' title='bbox 293 4238 400 4308; x_wconf 77' lang='lat' dir='ltr'><strong>aliisque</strong></span> <span class='ocrx_word' id='word_1_360' title='bbox 412 4256 491 4309; x_wconf 79' lang='lat' dir='ltr'><strong>super</strong></span> <span class='ocrx_word' id='word_1_361' title='bbox 501 4239 565 4292; x_wconf 83' lang='lat' dir='ltr'><strong>alias</strong></span> <span class='ocrx_word' id='word_1_362' title='bbox 577 4240 737 4293; x_wconf 84' lang='lat' dir='ltr'><strong>continenter</strong></span> <span class='ocrx_word' id='word_1_363' title='bbox 752 4242 882 4307; x_wconf 76' lang='lat' dir='ltr'><strong>aggestis,</strong></span> <span class='ocrx_word' id='word_1_364' title='bbox 900 4239 1039 4293; x_wconf 83' lang='lat' dir='ltr'><strong>maritimas</strong></span> <span class='ocrx_word' id='word_1_365' title='bbox 1051 4239 1128 4291; x_wconf 82' lang='lat' dir='ltr'><strong>mules</strong></span> <span class='ocrx_word' id='word_1_366' title='bbox 1140 4240 1207 4290; x_wconf 88' lang='lat' dir='ltr'><strong>inter</strong></span> <span class='ocrx_word' id='word_1_367' title='bbox 1218 4256 1246 4291; x_wconf 87' lang='lat' dir='ltr'><strong><em>se</em></strong></span> <span class='ocrx_word' id='word_1_368' title='bbox 1259 4256 1306 4307; x_wconf 85' lang='lat' dir='ltr'><strong><em>up-</em></strong></span> 
     </span>
     <span class='ocr_line' id='line_1_42' title="bbox 203 4306 1305 4377; baseline -0.004 -18"><span class='ocrx_word' id='word_1_369' title='bbox 203 4309 300 4376; x_wconf 87' lang='lat' dir='ltr'><strong>pusitas</strong></span> <span class='ocrx_word' id='word_1_370' title='bbox 313 4310 438 4361; x_wconf 84' lang='lat' dir='ltr'><strong>excitavit</strong></span> <span class='ocrx_word' id='word_1_371' title='bbox 446 4309 575 4376; x_wconf 81' lang='lat' dir='ltr'><strong>geruinus,</strong></span> <span class='ocrx_word' id='word_1_372' title='bbox 593 4326 626 4362; x_wconf 86' lang='lat' dir='ltr'><strong>ax</strong></span> <span class='ocrx_word' id='word_1_373' title='bbox 637 4308 686 4361; x_wconf 86' lang='lat' dir='ltr'><strong>iruo</strong></span> <span class='ocrx_word' id='word_1_374' title='bbox 699 4310 801 4377; x_wconf 83' lang='lat' dir='ltr'><strong>gurgite</strong></span> <span class='ocrx_word' id='word_1_375' title='bbox 813 4310 845 4361; x_wconf 90' lang='lat' dir='ltr'><strong><em>ad</em></strong></span> <span class='ocrx_word' id='word_1_376' title='bbox 857 4310 937 4361; x_wconf 89' lang='lat' dir='ltr'><strong>undas</strong></span> <span class='ocrx_word' id='word_1_377' title='bbox 948 4324 1028 4377; x_wconf 81' lang='lat' dir='ltr'><strong>usque</strong></span> <span class='ocrx_word' id='word_1_378' title='bbox 1040 4308 1198 4377; x_wconf 78' lang='lat' dir='ltr'><strong>superiores.</strong></span> <span class='ocrx_word' id='word_1_379' title='bbox 1214 4306 1305 4375; x_wconf 82' lang='lat' dir='ltr'><strong>quibus</strong></span> 
     </span>
     <span class='ocr_line' id='line_1_43' title="bbox 203 4376 1305 4448; baseline -0.002 -21"><span class='ocrx_word' id='word_1_380' title='bbox 203 4384 361 4431; x_wconf 71' lang='lat' dir='ltr'><strong>sustentatae</strong></span> <span class='ocrx_word' id='word_1_381' title='bbox 371 4394 451 4430; x_wconf 83' lang='lat' dir='ltr'><strong>nares</strong></span> <span class='ocrx_word' id='word_1_382' title='bbox 461 4384 585 4446; x_wconf 80' lang='lat' dir='ltr'><strong>aguntur:</strong></span> <span class='ocrx_word' id='word_1_383' title='bbox 599 4378 658 4431; x_wconf 91' lang='lat' dir='ltr'><strong>dein</strong></span> <span class='ocrx_word' id='word_1_384' title='bbox 669 4395 731 4430; x_wconf 82' lang='lat' dir='ltr'><strong>saxa</strong></span> <span class='ocrx_word' id='word_1_385' title='bbox 743 4381 852 4448; x_wconf 83' lang='lat' dir='ltr'><strong>abrupta</strong></span> <span class='ocrx_word' id='word_1_386' title='bbox 863 4377 995 4447; x_wconf 82' lang='lat' dir='ltr'><strong>iurposuit;</strong></span> <span class='ocrx_word' id='word_1_387' title='bbox 1014 4392 1079 4445; x_wconf 85' lang='lat' dir='ltr'><strong>quae</strong></span> <span class='ocrx_word' id='word_1_388' title='bbox 1091 4376 1210 4429; x_wconf 87' lang='lat' dir='ltr'><strong>fluctibus</strong></span> <span class='ocrx_word' id='word_1_389' title='bbox 1222 4385 1305 4437; x_wconf 84' lang='lat' dir='ltr'><strong>tunsa,</strong></span> 
     </span>
     <span class='ocr_line' id='line_1_44' title="bbox 204 4444 1304 4517; baseline -0.002 -20"><span class='ocrx_word' id='word_1_390' title='bbox 204 4444 253 4497; x_wconf 79' lang='grc' dir='ltr'><strong><em>τίσι</em></strong></span> <span class='ocrx_word' id='word_1_391' title='bbox 264 4462 351 4498; x_wconf 83' lang='lat' dir='ltr'><strong>eorum</strong></span> <span class='ocrx_word' id='word_1_392' title='bbox 362 4447 502 4515; x_wconf 71' lang='lat' dir='ltr'><strong>repedante</strong></span> <span class='ocrx_word' id='word_1_393' title='bbox 520 4446 619 4515; x_wconf 77' lang='lat' dir='ltr'><strong>hienae,</strong></span> <span class='ocrx_word' id='word_1_394' title='bbox 638 4464 693 4500; x_wconf 85' lang='lat' dir='ltr'><strong><em>cum</em></strong></span> <span class='ocrx_word' id='word_1_395' title='bbox 704 4448 792 4501; x_wconf 76' lang='lat' dir='ltr'><strong>furunt</strong></span> <span class='ocrx_word' id='word_1_396' title='bbox 803 4448 882 4514; x_wconf 86' lang='lat' dir='ltr'><strong>venti,</strong></span> <span class='ocrx_word' id='word_1_397' title='bbox 900 4448 966 4499; x_wconf 88' lang='lat' dir='ltr'><strong>iutra</strong></span> <span class='ocrx_word' id='word_1_398' title='bbox 977 4446 1032 4498; x_wconf 84' lang='lat' dir='ltr'><strong>iiius</strong></span> <span class='ocrx_word' id='word_1_399' title='bbox 1044 4445 1157 4517; x_wconf 86' lang='lat' dir='ltr'><strong>parietes</strong></span> <span class='ocrx_word' id='word_1_400' title='bbox 1168 4446 1304 4515; x_wconf 80' lang='lat' dir='ltr'><strong>tranquilia</strong></span> 
     </span>
    </p>
   </div>
   <div class='ocr_carea' id='block_1_6' title="bbox 0 0 1568 4959">
    <p class='ocr_par' dir='ltr' id='par_1_9' title="bbox 0 0 1568 4959">
     <span class='ocr_line' id='line_1_45' title="bbox 0 0 1568 4959; baseline 0 2"><span class='ocrx_word' id='word_1_401' title='bbox 0 0 1568 4959; x_wconf 95' lang='lat' dir='ltr'><strong><em> </em></strong></span> 
     </span>
    </p>
   </div>
  </div>
 </body>
</html>
