3125 4959
559 435 704 503 norru
728 433 953 530 tamenn
1232 429 1310 504 tos

203 598 387 678 Procopius,
416 597 539 659 omnino
565 595 790 676 desideramus3
817 597 902 658 idem
924 607 1029 662 octsw
1050 598 1129 661 libro
1149 598 1312 681 superioris
1329 601 1353 656 Ρ
1369 601 1421 656 tto

206 685 350 745 historiae
372 685 534 760 innuebat,
558 695 591 742 ut
613 684 653 744 ad
673 705 705 764 p.
724 686 764 750 53
786 688 900 744 notavi.

212 781 213 784 ’
290 773 327 828 Ρ.
349 771 425 842 151,
448 770 495 847 5.Ι
520 772 631 828 Peoe‘m
658 770 825 829 diaconum
848 765 996 830 Rliodoni
1016 769 1175 849 praesecto
1202 787 1318 827 necan-

207 853 284 913 dum
305 853 421 936 tradit]
451 858 534 915 Bene
564 876 634 914 cunr
662 867 726 916 tata
748 853 805 914 lrac
826 855 951 916 historia
973 852 1011 913 dc
1032 856 1111 914 Prae
1132 856 1316 912 conveniunt

207 961 285 1019 (puae
308 942 463 999 Liberatus
485 939 593 1000 eodem
613 942 679 1001 loco
701 952 813 1000 narrat.
850 939 1020 1021 -Cogitaate
1039 941 1144 999 Paula
1162 943 1317 1018 Episcopo

205 1047 354 1084 removere
373 1027 480 1085 Elium
501 1031 685 1106 magistrum
706 1029 854 1101 militum,
877 1028 992 1086 Penius
1013 1022 1171 1084 diaconus·
1187 1024 1317 1105 quidam

186 1107 235 1169 'et
256 1115 433 1170 Econamus
455 1112 604 1187 ecclesiae,
627 1115 750 1172 amicus
770 1113 863 1172 Eliae
878 1133 936 1193 per
953 1113 1118 1191 portitores
1139 1112 1318 1169 litterarum

207 1199 410 1256 uelocissimos
428 1195 595 1274 pedestres,
616 1219 693 1277 quos
712 1199 847 1278 Aegypti
866 1200 1044 1276 Symmacoe
1063 1207 1191 1270 vacant,
1211 1196 1318 1253 omnia

205 1283 369 1340 molimina
389 1283 489 1341 Pauli
503 1283 596 1341 Eliae
616 1283 775 1344 scribebat.
821 1283 961 1364 Contigit
981 1294 1085 1340 autern
1106 1282 1245 1340 Paulum
1266 1281 1318 1337 ia-

205 1371 306 1426 aenire
334 1370 451 1426 litteras
476 1370 543 1425 'elue
567 1367 756 1446 Aegyptiace
782 1373 917 1447 scriptae
944 1378 973 1427 et
999 1368 1114 1448 legere,
1151 1378 1180 1424 et
1206 1369 1318 1424 timens

206 1451 294 1532 quod
319 1451 356 1510 de
378 1454 516 1510 Proteria
545 1455 732 1530 contigerat,
760 1453 917 1511 sollicitae
938 1451 976 1511 de
1002 1475 1035 1512 ea
1054 1453 1171 1530 sactus
1196 1463 1258 1527 eat,
1286 1460 1317 1508 et

206 1539 304 1616 caepit
332 1539 463 1595 Psoium
493 1537 684 1616 compellere,
712 1538 823 1616 facere
849 1541 984 1596 rationes
1010 1538 1162 1597 ecclesiae.
1218 1539 1317 1613 Quem

207 1619 341 1680 tradidit
361 1621 471 1695 iudici,
494 1633 522 1679 et
542 1625 721 1702 imperatori
739 1621 777 1680 de
794 1644 827 1681 eo
848 1623 966 1685 retulit.
1007 1623 1056 1680 Ea
1078 1630 1208 1700 tempore
1228 1617 1318 1700 apud

207 1704 430 1765 Alexandriam
448 1706 561 1766 Illrotla
583 1718 649 1766 erat
662 1707 864 1788 Augustalis.
911 1709 1065 1785 Quicum
1086 1709 1239 1785 accipient
1260 1728 1318 1764 cu-

206 1789 400 1850 stodiendam
422 1813 517 1871 usque
541 1791 587 1852 ad
607 1795 799 1872 imperatorie
815 1803 1026 1872 praeceptum,
1056 1794 1185 1850 coasilio
1208 1793 1318 1849 cuius-

206 1877 281 1936 dam
297 1880 416 1956 prioris
436 1881 576 1936 civitatis
601 1879 869 1940 nomineArseaii
891 1879 1023 1956 acceptis
1042 1875 1237 1953 muneribus,
1268 1878 1318 1933 in·

206 1966 281 2041 scio,
303 1973 337 2020 ut
348 1965 475 2041 fertur,
498 1968 651 2044 episcopo,
673 1963 754 2022 clam
775 1975 862 2022 nocte
882 1967 957 2021 tatic
977 1961 1096 2023 virilius
1116 1984 1183 2020 eum
1204 1981 1319 2040 magno

206 2051 350 2106 cruciatu
372 2045 495 2112 accidit.
540 2049 636 2109 Citius
657 2049 728 2128 filii
758 2060 788 2107 et
810 2049 922 2128 affines
942 2053 1154 2126 imperatorem
1173 2046 1320 2126 interpel-

206 2135 322 2208 lantes,
351 2146 567 2214 suggesserunt
593 2136 622 2193 ei
643 2155 707 2214 qua
727 2137 761 2195 ui
788 2155 893 2192 eorum
909 2155 1027 2215 parens
1054 2135 1164 2190 martie
1184 2131 1321 2190 debitum

202 2221 410 2298 persolvisset.
457 2219 550 2298 Quod
566 2218 697 2279 audiens
718 2223 885 2300 imperator
898 2222 1020 2279 cacavit
1031 2220 1202 2293 Liberium,
1225 2229 1253 2275 et
1270 2219 1321 2293 se-

207 2308 249 2363 cit
269 2305 488 2384 Augustalem,
510 2308 656 2385 misitque
676 2327 746 2364 enm
762 2304 986 2364 Alexandriam
1007 2307 1158 2384 inquirere
1179 2323 1321 2362 causam.

206 2387 264 2449 Ad
277 2411 371 2468 quam
389 2391 491 2450 urbem
504 2391 648 2450 Liberius
662 2413 730 2450 cum
745 2394 884 2469 uenisset,
903 2388 1084 2449 Rhodonem
1104 2387 1151 2447 ad
1169 2409 1201 2446 se
1220 2391 1321 2447 tenire

207 2478 311 2553 iussit,
333 2487 362 2532 et
384 2476 423 2534 ab
445 2477 674 2556 earequlrehat
692 2475 845 2556 quomodo
861 2475 1022 2535 accidisset
1044 2474 1219 2537 diaconum.
1265 2473 1322 2532 Ille

207 2581 282 2632 vero,
298 2559 469 2640 respoudit,
492 2565 626 2621 iussione
647 2565 780 2642 episcopi
796 2565 899 2639 fuisse
910 2563 1058 2640 jactumr
1079 2560 1187 2618 scabere
1209 2581 1240 2616 se
1261 2563 1323 2616 im.

203 2649 360 2724 peratoris
381 2645 600 2727 delegationem
619 2649 738 2726 aiebat,
768 2659 805 2706 ret
826 2645 983 2727 quidquid
1009 2646 1123 2704 iuberet
1153 2648 1321 2724 epiecopus,
1353 2681 1355 2684 v

208 2727 310 2788 modis
331 2733 471 2790 omnibus
498 2733 643 2813 impleret.
686 2731 748 2794 Sed
768 2745 897 2812 negante
920 2733 1023 2790 Paulo
1045 2733 1215 2810 Episcopo,
1240 2740 1268 2787 et
1289 2751 1321 2788 se

207 2817 321 2874 nescire
341 2815 528 2892 clamitante,
546 2821 634 2898 prior
654 2820 707 2877 ille
728 2820 867 2878 civitatis
879 2818 1028 2878 Arrenius
1046 2816 1208 2875 homicidii
1228 2816 1321 2872 illius

206 2911 301 2958 autor
328 2903 488 2977 inuentus,
515 2914 612 2960 morte
638 2905 808 2964 mulctatur
828 2915 881 2962 est.
922 2905 1022 2961 Porro
1042 2903 1147 2959 Paulo
1166 2903 1319 2979 Episcopo

164 3001 167 3008 '
209 2987 329 3046 Gazam
343 2990 376 3044 in
390 2987 514 3046 exilium
530 2991 623 3046 missa
639 2986 750 3046 lilroda
772 3009 843 3046 cum
855 2989 953 3066 gestis
973 2986 1011 3044 de
1031 3007 1064 3044 eo
1086 2987 1166 3043 actis
1183 2986 1320 3042 directae

207 3083 252 3129 est
275 3072 581 3154 Constantinopolim.
628 3073 728 3131 Cuius
748 3085 838 3152 gesta
857 3093 928 3130 cum
951 3074 1037 3130 intra
1050 3072 1212 3149 palatium
1229 3074 1320 3151 prin-

207 3159 270 3234 cipi
291 3158 473 3234 legerentur,
495 3161 588 3218 iussit
609 3179 677 3217 eum
700 3159 740 3217 ab
761 3179 909 3218 scurrone
929 3156 1018 3238 duci,
1040 3167 1068 3214 et
1080 3158 1179 3237 serrae
1200 3159 1320 3236 regiam
1335 3167 1359 3222 Α
1376 3167 1429 3225 110

207 3241 364 3300 civitatem
385 3242 496 3308 occidi.

293 3329 329 3383 P·
355 3326 434 3399 151,
458 3329 510 3390 11.
552 3327 719 3388 Antistitee
745 3330 829 3388 uiroc
844 3327 1008 3407 probatos,
1033 3322 1263 3384 Alexandriam
1284 3322 1322 3384 de

208 3431 306 3470 caasa
337 3415 513 3491 cogniturae
538 3412 653 3492 mittit]
687 3415 785 3472 Causa
813 3412 937 3493 quidem
964 3410 1185 3485 Alexandriae,
1216 3423 1251 3469 ut
1278 3414 1322 3469 ait

207 3499 382 3576 Procopius,
407 3500 525 3576 cognita
548 3510 611 3570 est3
634 3496 689 3556 sed
711 3501 819 3570 Gazae,
841 3499 894 3555 ubi
915 3500 1029 3555 Paulus
1050 3499 1201 3570 exulavit,
1225 3496 1323 3575 depo-

208 3585 284 3642 situs
308 3592 362 3655 est,
384 3594 418 3641 ut
436 3582 519 3641 idem
534 3585 693 3642 Liberatus
710 3594 822 3656 narrat,
844 3593 875 3640 et
893 3584 1025 3661 Cyrillus
1040 3581 1321 3662 scythopolitanus.

196 3725 198 3728 ,
294 3667 428 3741 P.153,
452 3669 503 3730 13.
547 3669 724 3728 Iustiniana
754 3667 848 3726 libuit
872 3667 1122 3727 Christianorum
1149 3671 1324 3726 sanctianee'

205 3751 392 3832 pervertere]
423 3755 489 3812 Etsi
518 3757 630 3834 passim
657 3757 689 3812 in
714 3756 845 3813 novellis
865 3752 1018 3813 viridicem
1044 3765 1136 3834 atque
1165 3750 1321 3810 custodem

209 3857 359 3896 canonum
387 3839 453 3916 ipse
486 3859 518 3896 se
549 3842 691 3920 appellat.
734 3843 843 3899 Utrum
869 3843 990 3917 gravius
1017 3840 1075 3898 suit
1104 3839 1321 3897 ecclesiasticas

208 3925 376 3981 certationes
398 3935 584 4002 pervertere,
612 3947 651 3984 eu
672 3927 874 4005 praescribere
884 3924 901 3983 ‘l
930 3928 995 3984 Hoc
1016 3936 1080 3983 tarn
1101 3926 1227 3981 licenter
1248 3925 1322 3981 fecit

208 4009 401 4083 lastinianus,
423 4019 458 4066 ut
480 4009 628 4095 quidquid
650 4014 769 4089 insigne
788 4014 820 4069 in
843 4011 1053 4069 ecclesiasticis
1076 4009 1241 4066 canonibus
1264 4019 1320 4084 est,

208 4113 263 4151 sua
284 4095 414 4152 voluerit
436 4099 594 4155 autoritate
615 4097 789 4170 stabilitum,
813 4095 1009 4167 declaratum,
1033 4114 1067 4151 ac
1087 4097 1192 4173 poenis
1217 4093 1322 4153 vindi-

207 4188 321 4236 catum.
364 4179 439 4238 Inde
462 4182 577 4238 facturn
600 4194 661 4258 est,
689 4193 724 4242 ut
745 4183 941 4242 ecclesiarum
963 4181 1086 4239 orientis
1112 4181 1246 4260 episcopi
1268 4198 1321 4238 eas

207 4265 266 4322 sibi
285 4266 458 4343 regularum
480 4267 673 4327 collectiones
692 4271 871 4327 concinnare
894 4268 1060 4345 coeperint,
1090 4283 1165 4345 quas
1186 4287 1322 4344 repotia-

207 4341 315 4426 airea,
344 4353 408 4410 sive
437 4346 648 4432 canonicariae
675 4363 796 4412 vocent.
840 4356 975 4425 Quorrnn
1002 4353 1118 4430 primus
1147 4361 1234 4408 autor
1260 4350 1322 4409 fuit

208 4435 338 4495 Ioannes
357 4434 578 4518 Scholasticus,
607 4441 663 4524 qui
681 4436 834 4522 Eutychia
856 4440 915 4498 GP.
937 4440 971 4498 in
992 4439 1121 4498 exilium
1142 4437 1232 4518 prrlso
1253 4435 1320 4496 sut-
