3125 4959
247 400 321 472 408
596 387 653 467 ΙΝ
666 398 776 467 HIST.
802 387 1000 466 anesum

246 587 319 627 vero
341 585 419 646 quae
448 561 581 624 hostium
603 563 713 622 damna
735 565 838 622 minus
859 571 1009 637 senserat,
1039 558 1109 635 ἕνδς
1129 554 1228 643 μόνον
1247 584 1354 641 nurn-

244 653 355 731 νυρῖου
379 643 565 732 συγχώρησιν
586 651 721 728 δοθῆναι
743 650 883 711 συνεῖδον
905 648 938 710 υἱ
962 647 1137 720 ἐπίσκοποι,
1163 650 1261 704 unius
1280 659 1354 704 tan-

246 747 315 794 tum
331 739 494 793 centenarii
512 738 716 792 remissionem
732 732 872 792 dandam
895 735 1050 811 epiccrrpoa
1069 731 1243 789 decrevisse.
1276 735 1352 810 Epi-

247 841 355 898 scopus
378 825 419 877 ait
440 819 615 893 decrevisse,
637 840 748 899 nempe
760 821 927 878 Antonium
948 820 1163 890 Ascalonitam,
1187 828 1216 874 et
1234 816 1354 873 Zacha-

248 909 326 962 riam
352 907 540 979 Pelleusem,
570 925 646 986 quos
674 902 861 984 pensitandis
891 905 1067 961 clericorum
1097 914 1126 960 et
1158 903 1353 959 ecclesiarum

248 989 366 1048 damnis
389 994 570 1048 lastinianus
592 993 787 1069 praefecerat,
809 1000 844 1046 ut
866 986 948 1046 idem
970 989 1100 1067 cyrillus
1122 998 1232 1044 narrat.
1276 991 1354 1044 Nam

247 1076 341 1133 Sabas
363 1078 409 1132 vir
429 1088 549 1133 sanctus
572 1096 641 1132 eam
660 1079 868 1133 remissionem
889 1094 950 1132 non
972 1093 1028 1151 pro
1051 1074 1130 1129 clero
1147 1083 1276 1141 tantum,
1298 1071 1353 1129 sed

247 1163 337 1218 etiam
358 1181 411 1238 pro
434 1163 554 1238 populis
574 1161 762 1218 Palaestinae
784 1159 923 1217 fidelibus
944 1159 1071 1216 fortasse
1092 1160 1234 1236 petierat:
1259 1159 1353 1214 lusti-

244 1247 351 1302 nianns
373 1248 505 1302 instante
526 1247 581 1303 tali
609 1256 753 1326 tantoque
776 1248 840 1303 sira
864 1245 998 1302 ecclesiis
1020 1262 1131 1320 negare
1152 1245 1264 1299 veritus
1289 1253 1351 1313 est,

242 1333 366 1409 reliquis
396 1333 516 1409 populis
546 1330 708 1388 concedere
733 1331 842 1388 noluit.
886 1333 950 1387 lloc
977 1339 1022 1384 est
1047 1328 1084 1383 de
1108 1346 1168 1404 qim
1191 1329 1352 1403 Procopius

242 1418 446 1495 oririqueritur.
490 1419 555 1473 lmo
579 1435 614 1472 ea
636 1419 702 1494 ipsa
724 1414 871 1472 tredecim
894 1414 1135 1468 centenariorum
1158 1412 1303 1481 remissio,
1326 1413 1352 1467 si

241 1521 313 1557 cum
336 1503 417 1572 cleri,
441 1503 654 1572 ecclesiarum,
677 1509 706 1554 et
728 1499 980 1554 monasteriorum
1003 1497 1191 1552 Palaestinae
1211 1497 1352 1552 multitu-

241 1583 313 1640 dine
338 1595 536 1662 comparetur,
560 1593 627 1659 post
649 1592 764 1639 tautam
788 1579 905 1637 cladem
926 1582 1053 1636 minima
1075 1590 1104 1636 et
1124 1599 1202 1657 pene
1224 1580 1351 1638 ridicula

241 1668 404 1724 videbitur.
449 1669 493 1723 De
510 1667 651 1744 vectigali
673 1667 708 1723 ab
732 1667 939 1724 ecclesiasticis
962 1667 1054 1722 etiam
1075 1665 1229 1742 persoluto
1252 1665 1350 1723 dicam

241 1753 338 1822 iufra,
362 1749 400 1808 ad
422 1771 452 1830 p.
474 1755 533 1814 102
555 1752 608 1807 lin.
632 1755 683 1812 31.

326 1839 361 1892 P.
385 1840 435 1908 76,
464 1841 488 1896 i.
534 1835 569 1892 In
588 1836 717 1913 gentiles
738 1837 901 1893 saevitiam
923 1827 1090 1910 convertit]
1121 1834 1210 1891 Anno
1233 1836 1349 1912 imperii

240 1939 296 1979 sno
318 1924 421 1992 tertio,
445 1918 608 1978 indictione
631 1931 754 1993 octava,
779 1931 813 1977 ut
835 1919 937 1975 scribit
958 1916 1182 1993 Theophanes,
1211 1916 1351 1996 ἐποίησεν

239 2003 260 2068 ὅ
280 2003 421 2085 βασιλευς
442 2001 650 2076 ’torennensis
665 1999 796 2081 διωγμὸν
819 2001 912 2081 με’γαν
932 1996 1008 2060 nurci
1028 1995 1200 2076 Ἑλλήνων,
1219 2002 1271 2062 καὶ
1292 1999 1351 2063 nei·

239 2110 295 2168 σης
319 2089 475 2170 αἱρέσεως,
500 2087 551 2148 καὶ
572 2085 626 2158 nie
647 2083 762 2148 τουτων
780 2080 888 2158 ariolae
909 2081 1074 2165 ἐδήμευσεν
1095 2080 1223 2159 ἁπάσας.
1267 2090 1350 2146 Fecit

238 2175 436 2235 lastinianus
459 2175 623 2248 imperator
647 2174 884 2248 persecutionem
904 2175 1054 2249 magnoni
1076 2169 1226 2228 adversus
1249 2177 1350 2250 genti-
1431 2245 1435 2252 ¹

239 2259 300 2330 les,
330 2267 358 2314 et
387 2276 488 2313 omnes
511 2256 696 2329 hoeretieos,
728 2257 911 2334 illorumque
940 2255 1136 2313 substantias
1160 2257 1345 2334 publicarit.

238 2345 353 2400 Mirum
377 2361 449 2398 sane
477 2352 522 2398 est
547 2345 704 2420 primarios
733 2344 943 2420 imperatoriae
973 2341 1061 2398 aulae
1090 2343 1258 2420 principes,
1293 2343 1348 2401 hac

238 2427 302 2486 lata
335 2429 421 2504 lege,
457 2428 623 2503 gentilitiae
654 2429 875 2506 superstitionis
904 2445 972 2484 reos
1005 2437 1086 2483 actos
1118 2427 1223 2486 fuisse.
1267 2431 1349 2486 Inter

238 2508 317 2584 hos,
345 2522 379 2569 ut
400 2512 489 2569 refert
511 2511 697 2592 Hesychius,
727 2515 906 2591 Procopius,
928 2509 1152 2589 Theophanes,
1175 2524 1204 2570 et
1227 2513 1348 2589 Suidas,

238 2596 361 2654 fuerunt
395 2595 600 2655 Diducimus
629 2609 789 2676 quaestor,
828 2597 960 2655 thomae
986 2599 1134 2675 magister·
1163 2599 1348 2677 officiorum,

237 2681 372 2742 Ioannes
392 2681 570 2761 praefectus
595 2680 773 2762 praetorio,
807 2693 837 2740 et
865 2682 988 2740 Placeas
1014 2683 1172 2759 patricius
1203 2688 1350 2763 magister

236 2767 372 2824 militurn
403 2765 587 2824 conficiendo
616 2766 712 2825 codici
740 2787 758 2826 a
788 2769 954 2832 Iustiniana
985 2768 1140 2844 praefecti.
1184 2770 1240 2826 llis
1265 2767 1350 2826 addit

236 2849 442 2930 Theophanes
457 2849 710 2930 Asclepiodotum
728 2853 921 2931 praesectum
938 2856 1107 2930 praetorio,
1131 2851 1350 2910 Macedonium

225 2935 489 3014 affluentissima,
512 2947 541 2995 et
561 2940 728 3014 Pegasium
749 2939 1018 3014 Heliopolitnnum
1036 2937 1218 3012 patricium.
1261 2939 1349 2996 Falso

236 3024 398 3080 Aimoinus
421 3031 561 3080 numerat
582 3024 795 3081 Belisarium:
815 3023 883 3098 lege
906 3039 985 3099 quae
1007 3037 1098 3097 supra
1119 3031 1220 3076 narrat
1237 3024 1349 3081 Proco-

236 3109 306 3184 pius
337 3105 374 3162 de
395 3104 571 3165 Theodosio
600 3127 617 3163 e
645 3125 730 3165 sacra
761 3106 880 3164 lavaero
908 3113 1049 3181 srucepto
1078 3103 1115 3160 ab
1138 3106 1289 3164 Antonias
1319 3118 1349 3166 et

236 3192 396 3247 Belisario.

323 3275 359 3328 P.
377 3273 428 3345 76,
447 3272 478 3333 3·
525 3271 607 3331 Inter
628 3272 791 3350 libamina,
813 3283 842 3330 et
862 3274 1029 3353 sacrificio,
1049 3283 1143 3352 atque
1163 3275 1278 3353 impias
1299 3298 1348 3335 re·

238 3356 371 3434 [lgiones
393 3355 570 3434 deprehensi
589 3357 682 3437 sunt]
715 3361 777 3415 Hac
799 3360 923 3415 infamia
944 3370 1067 3417 notatur
1086 3361 1232 3435 Severus,
1255 3381 1347 3440 quem

237 3443 327 3498 unice
350 3443 461 3498 arnavit
484 3461 518 3499 sc
539 3443 615 3502 fovit
637 3441 800 3503 Theodora
820 3447 1008 3524 imperatrix.
1051 3447 1088 3502 ln
1109 3464 1157 3524 ep.
1179 3445 1348 3506 monacho·

236 3545 305 3585 rum
328 3523 367 3583 ad
388 3529 520 3585 Menam.
1143 3565 1145 3569 .

321 3614 357 3670 P.
375 3615 427 3686 76,
449 3614 479 3674 4,
527 3613 614 3690 Quae
635 3634 704 3671 vero
726 3615 769 3672 in*
784 3611 980 3670 Christianos
1000 3613 1086 3691 ipsos
1106 3616 1274 3690 commisit,
1297 3616 1346 3671 in-

225 3696 288 3775 sra
312 3694 430 3753 dicturi
451 3695 579 3773 sumus]
610 3697 724 3755 Saeviit
753 3700 846 3755 etiam
872 3698 905 3752 iu
932 3694 1135 3772 Christianos,
1166 3696 1249 3778 quod
1275 3698 1346 3756 licet

234 3779 300 3856 hic,
325 3791 354 3839 et
376 3799 480 3838 rursus
501 3781 581 3837 infra
602 3801 633 3859 p.
659 3781 718 3842 115
740 3781 1056 3860 polliceatur,-nescio
1079 3793 1182 3842 tamen
1206 3803 1243 3839 ars
1268 3784 1346 3840 obli-

234 3868 323 3924 rione
346 3866 533 3944 promissum
554 3885 615 3922 non
637 3864 752 3923 fecerit.
796 3869 861 3924 Hoc
882 3876 983 3925 alitem
1011 3869 1078 3926 loco
1110 3869 1275 3947 (quantum
1297 3887 1345 3925 as·

234 3954 322 4030 seqtri
353 3952 525 4009 coniectura
551 3949 727 4028 possum'us)
757 3947 891 4009 dicturus
919 3963 981 4012 erat
1002 3956 1169 4030 Procopius
1197 3949 1236 4008 de
1257 3949 1345 4009 Chri-

235 4038 402 4093 stianorum
424 4033 584 4108 caedibus,
612 4035 741 4115 aliisque
762 4037 917 4114 suppliciis
938 4039 976 4096 ob
997 4039 1056 4095 tria
1077 4037 1192 4116 capita,
1219 4045 1250 4094 et
1270 4032 1343 4097 alias

236 4120 273 4178 eo
302 4130 438 4199 tempore
465 4131 671 4179 controversas
694 4119 732 4179 de
756 4118 946 4197 dogmatibus
970 4122 1175 4203 quaestiones.
1217 4119 1253 4185 ld
1279 4125 1344 4202 ipse

142 4211 221 4268 Αθο
237 4205 401 4285 Procopius
422 4205 522 4264 innuit
549 4205 604 4264 lib.
626 4202 699 4264 bist.
722 4207 753 4268 8.
784 4206 817 4267 οἱ
838 4201 895 4287 γὰρ
924 4201 1010 4270 ἄλλοι
1033 4206 1067 4269 ἕν
1086 4199 1238 4287 Ἰλλυριοῖς
1263 4202 1345 4287 α’μφὶ

235 4281 327 4351 πόλιν
351 4283 529 4354 Οὖλπιᾶναν
558 4289 705 4369 βασιλέως
734 4288 961 4392 ἐπαγγείλαντος
982 4287 1143 4371 διατριβήν
1167 4289 1253 4370 ἔσχον
1274 4287 1344 4354 urei·

129 4385 149 4435 t‘
170 4381 222 4440 188
240 4393 317 4448 σευς
343 4371 479 4440 ἐνταῦθα
507 4371 669 4460 sedeccia
691 4375 860 4458 οἰνητυρυν
886 4375 1102 4461 γεγενημένης,
1130 4366 1229 4461 ὦνπερ
1258 4375 1345 4441 ἕνεκα
