3125 4959
573 440 717 511 NOTAE
735 441 966 526 ,aunuatim
1244 445 1319 526 399

539 639 996 704 Maorsrassus

213 755 380 815 Proconsul
400 756 585 817 lastinianus
606 759 826 839 Cappadociae.
868 754 986 822 Noreil.
1008 766 1061 830 30.

212 841 385 900 moderator
401 845 589 904 'lastinianus
611 848 824 927 Helenoponti.
867 847 985 907 Novell.
1008 854 1061 916 28.

213 924 385 984 Moderator
404 929 587 988 lastinianus
608 930 748 990 Arabiae.
791 934 910 992 Novell.
930 935 1003 996 102.

212 1013 358 1083 Quaestor
374 1013 559 1073 lastinianus
584 1020 745 1076 exercitus.
787 1019 905 1077 Novell.
928 1017 981 1082 41.
1306 1085 1308 1093 ,

212 1098 384 1154 Praefectus
406 1100 591 1160 lastiaIaaus
612 1102 748 1161 militaui
768 1104 886 1183 Mysiae
910 1114 941 1162 et
962 1101 1117 1186 Scythiae.
1160 1106 1279 1168 Novell.
1306 1107 1319 1167 i

253 1184 362 1239 lustini
382 1184 422 1240 ll.

210 1255 334 1325 Praetor
354 1268 539 1326 lastinianus
561 1266 704 1328 Pisidiae.
746 1270 866 1330 Novell.
888 1269 943 1336 24.

209 1355 336 1410 Praetor
355 1353 538 1411 lastinianus
560 1352 722 1414 Thraciae.
765 1357 884 1414 Novell.
904 1359 958 1420 26.

209 1440 334 1495 Praetor
354 1439 538 1496 lastinianus
557 1439 739 1516 Lycaoniae.
782 1437 901 1498 Novell.
920 1440 972 1504 25.

209 1525 336 1580 Praetor
356 1525 540 1580 lastinianus
561 1522 798 1601 Paphlagoniae.
842 1527 958 1582 Novell.
980 1525 1034 1586 29.

210 1609 319 1664 Carnes
341 1609 524 1665 lastinianus
544 1603 696 1685 Phrygiae
717 1611 907 1667 Pacatianae.
951 1611 1068 1668 Noreil.
1091 1608 1143 1674 24.
1213 1611 1214 1616 ’
1268 1600 1301 1614 ”

211 1693 319 1750 coines
340 1692 522 1748 lastinianus
546 1694 661 1768 primae
687 1695 833 1751 Galatiae.
877 1696 994 1753 Novell.
1018 1694 1069 1758 24.

211 1778 319 1835 Comes
341 1777 524 1835 lastinianus
547 1779 690 1836 Isauriae.
732 1781 853 1840 Noreil.
874 1781 928 1843 27.
1023 1792 1026 1798 '

210 1861 320 1921 Comes
340 1863 526 1922 lastinianus
544 1865 650 1922 tertiae
671 1866 845 1928 Armeniae.
886 1865 1006 1926 Novell.
1027 1867 1079 1930 31.

626 2018 903 2078 alamans.

209 2129 338 2195 Vandali
357 2133 517 2196 Iustiniani
537 2135 722 2211 stationarii,
747 2137 857 2216 quibus
876 2147 946 2216 post
967 2131 1155 2214 triumphum
1176 2132 1322 2194 Vandali-

252 2237 333 2292 cum,
346 2216 507 2298 'praesidia
525 2221 558 2276 in
575 2223 690 2280 oriente
709 2225 874 2281 constituit.
917 2225 1044 2300 Procop.
1060 2221 1082 2277 l.
1098 2223 1119 2282 2
1137 2221 1209 2278 bell.
1225 2220 1322 2278 Vaud.

207 2306 276 2362 Nou
297 2323 388 2361 sauia
408 2302 501 2363 modo
516 2305 701 2367 lastinianus
718 2327 839 2382 nomen,
863 2304 916 2366 sed
939 2311 1031 2365 etiam
1046 2303 1226 2364 Theodorus
1249 2325 1322 2362 coa-

253 2390 333 2465 iugis
359 2390 407 2446 ita
430 2386 548 2448 studuit
574 2380 797 2450 immortalitati
824 2391 1055 2466 coinmendare3
1087 2391 1170 2472 quod
1196 2393 1323 2449 inhrirae

252 2473 363 2530 referre
384 2475 480 2553 piget.

208 2555 399 2617 Theodorias
420 2559 491 2616 urbs
516 2578 611 2638 prope
632 2557 848 2638 Carthaginem
862 2580 999 2637 ¹tiaram,
1031 2562 1105 2620 olim
1127 2558 1206 2620 dicta
1226 2563 1322 2640 Baga.

250 2645 378 2720 Procop.
399 2644 422 2700 l.
444 2645 466 2704 6
488 2641 579 2701 aedis.
827 2677 832 2688 .

208 2723 399 2784 Theodorias
421 2726 493 2784 urbs
514 2729 546 2783 iu
568 2728 734 2787 mnfiuibus
756 2725 923 2788 Colchidis.
966 2726 1078 2808 Agath.
1101 2730 1124 2786 l.
1147 2729 1179 2794 5.

208 2808 399 2870 Theodorias
419 2810 491 2869 urbs
512 2811 546 2867 iu
566 2813 638 2870 Asia
660 2816 779 2871 minori.
824 2811 940 2893 Synod.
963 2815 1066 2874 Const.
1089 2816 1125 2878 V.

209 2894 453 2974 Theodoropolis
475 2895 555 2953 dicta
577 2896 738 2954 Laodicea.
781 2898 859 2958 ibid.
1027 2939 1030 2944 ·

208 2979 452 3059 Theodoropolis
472 2981 543 3039 urbs
565 2985 597 3038 ia
620 2980 762 3040 Thracia.
807 2985 935 3062 Procop.
956 2982 979 3040 l.
1001 2980 1022 3045 4
1044 2981 1136 3040 aedif.

204 3065 450 3145 ,Theodoropolis
471 3065 657 3145 praesidium
679 3066 719 3143 ad
741 3069 925 3146 Danubium.
968 3067 1096 3124 ibidem.

208 3149 451 3230 Theodoropolis
474 3153 633 3210 castellum
653 3155 685 3210 in
707 3151 849 3212 Thracia.
871 3146 1022 3212 'ibidem

208 3235 371 3296 Theodora
393 3235 539 3315 oppidum
560 3238 593 3295 ia
615 3238 709 3296 altera
728 3239 863 3294 Dararbii
883 3241 959 3316 ripa.
1002 3235 1131 3296 Ibidem.

207 3319 440 3382 Theodoriauae
460 3323 592 3383 Balneae
618 3325 651 3381 iu
670 3323 784 3382 Africa.
828 3326 954 3402 Procop.
978 3325 1000 3381 l.
1025 3328 1044 3386 6
1067 3321 1158 3380 aedii'.
1202 3323 1241 3379 Ut
1263 3341 1313 3377 aa·

250 3409 349 3480 mina,
372 3409 416 3463 sic
437 3417 468 3464 et
487 3409 636 3485 imagines
658 3409 770 3488 sibique
793 3408 824 3466 in
845 3411 972 3488 irnperio
996 3411 1134 3466 Romano
1157 3408 1320 3478 extabant,

250 3492 342 3572 idque
363 3493 478 3570 passim
499 3507 640 3551 citraraat
661 3494 785 3567 subditi,
811 3514 880 3552 cum
902 3514 989 3552 suam
1011 3496 1195 3552 lastinianus
1218 3495 1267 3549 rel
1291 3495 1320 3547 ia

251 3578 361 3656 patinis
382 3578 575 3658 poculisque,
599 3599 634 3637 aa
655 3583 735 3640 rasis
758 3580 867 3638 caelari
889 3581 982 3639 veliet
1000 3581 1151 3658 effigiem,
1175 3588 1208 3634 ut
1230 3577 1321 3634 refert
1385 3616 1386 3620 ,

250 3664 398 3740 corippus
421 3662 497 3720 libro
519 3664 618 3723 tertio.
764 3673 767 3678 “
901 3735 904 3739 p

313 3749 423 3806 Aurea
437 3752 609 3828 purpureis
628 3758 790 3832 apponunt
802 3748 928 3826 fercula
950 3751 1063 3805 mensis

313 3832 451 3891 Pondere
472 3853 665 3912 gemmarum
681 3837 760 3915 plue
778 3837 906 3913 gravia.
949 3836 1059 3891 Pictas
1081 3832 1195 3911 ubique

315 3918 509 3978 lastinianus
529 3930 606 3977 erat.

292 4004 328 4060 P.
345 4007 397 4077 71,
422 4008 472 4070 13.
524 4003 565 4060 Ut
585 4008 690 4061 omitia
709 4013 839 4064 novuet
860 4000 901 4060 de
919 4023 975 4061 cuo
997 4003 1119 4061 nomine
1141 3999 1323 4078 dicerentur]

207 4086 321 4144 Verum
339 4091 563 4168 imperatorum¹
577 4093 701 4147 uoniiua
719 4089 868 4160 abolevit,
891 4097 924 4144 ut
944 4109 1034 4147 suurn
1055 4085 1227 4158 induceret3
1251 4106 1323 4143 nam

207 4169 376 4232 Theodosii
400 4177 504 4252 magni
525 4184 624 4232 statua
646 4186 805 4254 argentea,
828 4166 869 4230 ut'
883 4175 974 4231 refert
996 4177 1146 4243 Zonaras,
1175 4192 1191 4229 e
1214 4191 1323 4249 saper·

208 4255 330 4314 bissitna
353 4249 495 4317 columna
519 4256 667 4333 detracta,
697 4277 786 4319 suasu
812 4270 982 4339 equestrem
1011 4259 1170 4335 imposuit,
1200 4257 1238 4315 dc
1262 4275 1322 4336 qua

208 4351 293 4400 extat
321 4345 469 4402 Graecum
500 4347 697 4423 epigramma.
749 4345 908 4403 Praeterea
938 4363 1029 4402 suum
1059 4363 1170 4400 reatinen
1201 4343 1321 4422 publice

208 4427 298 4485 scribi
318 4431 432 4505 soluit,
461 4431 599 4490 ominium
627 4431 691 4490 iere
720 4441 893 4502 exterarum
915 4432 1052 4510 gentiam
1075 4449 1110 4488 ac
1138 4429 1320 4508 populorum
