3125 4959
278 456 378 501 xxxrr
603 434 796 500 elabentem
831 435 1053 543 PerEFdTIO.

279 592 363 689 stigio
384 603 503 690 prodero
525 616 683 691 eoepemnt.
726 604 827 669 Postea
849 606 934 692 duplo
963 606 1114 693 ampliores
1134 605 1266 693 prodiere
1289 607 1378 672 studio

278 719 360 793 atque
380 729 467 793 opera
491 706 607 771 Daridis
629 706 799 772 lloosclrolii.
842 709 900 771 lam
930 710 1038 773 domum
1057 708 1222 773 exhibemus
1245 707 1377 795 integros,

277 822 469 895 praeterquam
491 808 595 872 duobus
618 808 644 870 in
666 807 750 884 locis,
780 809 831 873 ubi
848 810 993 875 admodum
1014 833 1102 897 pauca
1121 810 1243 898 librariis
1267 810 1377 874 excide·

277 924 347 978 ruut.
391 912 474 976 Huius
494 908 622 973 bonellcii
644 908 759 994 primam
774 912 913 1006 originem
931 914 1048 998 positam
1069 913 1152 977 audio
1174 912 1202 976 iu
1222 912 1377 998 locupletis·

276 1016 347 1079 sima
368 1015 422 1079 Du.
447 1015 617 1077 scm-nnn
645 1010 821 1077 illustrissimi
849 1016 987 1079 Franciae
1006 1016 1175 1085 Cancellarii
1193 1013 1377 1079 Bibliotheca.

274 1117 316 1180 lbi
337 1117 399 1181 MS.
415 1126 586 1189 asservatur,
609 1112 699 1189 cuius,
722 1126 750 1177 ut
770 1114 809 1190 ita
826 1115 930 1191 dicum,
958 1138 1087 1203 propago
1107 1130 1150 1181 est
1171 1117 1278 1191 codex,
1304 1116 1403 1180 unde·

275 1231 365 1283 tcxlus
380 1218 504 1281 Graecus
519 1216 630 1300 Regiae
652 1214 716 1279 lruic
737 1216 852 1280 editioni
869 1218 1009 1303 suppetiit.
1051 1220 1122 1283 Eum
1135 1240 1193 1307 ego
1208 1217 1335 1282 codicem
1350 1216 1380 1280 in

274 1320 452 1384 Lectionibus
472 1319 556 1383 uariis
578 1318 745 1382 Tolosanum
767 1318 827 1381 iura
848 1318 976 1403 appello;
1005 1316 1156 1407 propterea
1183 1321 1256 1407 quod
1278 1317 1378 1382 doctis·

275 1423 338 1486 simi
365 1421 484 1507 l‘lrilippi
506 1420 599 1485 lacobi
625 1420 764 1484 lllaussaci
787 1419 928 1483 Tolosatis
952 1443 1019 1484 curo
1046 1422 1211 1507 descriptus,
1236 1432 1298 1505 post
1319 1420 1380 1482 eius

275 1522 394 1602 obitum,
421 1543 439 1585 c
454 1522 579 1587 manibus
594 1524 763 1609 possessoris
776 1523 872 1608 optimi
892 1545 926 1585 ae
939 1522 1131 1607 spectatissimi
1146 1523 1199 1587 lln.
1214 1521 1310 1588 Vitelli
1324 1522 1377 1585 Se·

276 1626 381 1689 uatoris
401 1625 475 1689 dono
502 1624 607 1689 transiit
629 1624 664 1688 ad
686 1623 773 1687 vimm
798 1624 984 1688 Clarissimum
1011 1623 1182 1687 bernardum
1207 1623 1376 1687 bledonium.

278 1726 334 1805 Qui
349 1726 520 1811 utprivatum
535 1749 628 1789 munus
642 1724 777 1810 publicum
802 1711 922 1798 laceret,
948 1723 1030 1799 mibi,
1056 1724 1147 1787 amieo
1167 1726 1257 1789 veteri
1276 1724 1377 1787 multis·

278 1848 334 1911 que
347 1826 636 1890 obstrictobeuellciis
650 1826 735 1911 ipsum
746 1825 945 1911 benignissime
959 1826 1065 1890 obtulit.
1107 1828 1173 1912 ligo
1188 1847 1257 1890 vero
1271 1823 1377 1910 accepi,

280 1940 307 1993 et
319 1928 463 2014 accepisse
476 1930 566 1993 laetor
582 1952 620 1993 eo
639 1931 744 2016 magis,
768 1948 824 2013 quo
842 1925 940 1991 melius
959 1927 1025 1992 uovi
1046 1940 1231 2013 praestantem
1255 1926 1315 1991 eius
1328 1926 1378 1990 bu·

279 2031 452 2107 manitatem,
478 2031 644 2106 doctrinam,
673 2045 754 2116 atque
777 2028 926 2113 ingenium.
971 2028 1117 2093 Caeterum
1139 2050 1240 2093 moneo
1264 2028 1379 2091 nonita

278 2154 326 2197 me
347 2155 423 2197 usum
444 2132 577 2196 eiusmodi
598 2132 661 2195 MS.
683 2143 710 2195 ut
733 2150 867 2214 nunquam
889 2128 925 2191 ad
951 2128 1101 2193 editionem
1121 2130 1309 2216 Augustauam
1331 2150 1378 2193 re·

275 2233 427 2319 spexerim.
470 2234 556 2297 lmmo
573 2254 684 2319 semper
700 2231 774 2296 illam
789 2243 853 2294 ante
871 2230 967 2293 oculos
980 2230 1079 2308 habui,
1106 2254 1140 2295 ac
1154 2231 1239 2295 sicubi
1260 2230 1377 2295 meliora

275 2335 389 2411 obtulit,
421 2334 521 2421 excepi
543 2334 658 2411 lubens,
681 2332 875 2418 contemnique
896 2330 1008 2397 inserui.
1055 2333 1193 2419 Quidquid
1207 2332 1378 2402 discriminis

274 2434 342 2511 luit,
374 2434 401 2498 id
424 2435 452 2497 iu
475 2434 637 2501 lectionibus
657 2436 741 2500 variis
770 2432 906 2519 reperies.
948 2434 1050 2510 nuto,
1077 2435 1210 2500 lucturum
1234 2448 1263 2498 te
1282 2434 1311 2499 in
1334 2434 1379 2497 bis

274 2536 363 2611 libris,
383 2558 560 2623 quaecunque
575 2536 677 2601 inedita
692 2535 784 2601 retulit
800 2556 837 2598 ex
852 2534 988 2621 Procopio
1002 2537 1098 2602 Petrus
1118 2537 1225 2625 Gpllius
1242 2538 1271 2601 in
1283 2536 1376 2623 'lopo

274 2638 398 2725 graphia
419 2639 474 2704 ΟΡ.
493 2639 591 2703 l'rocul
613 2638 697 2703 dubio
724 2637 851 2701 codicum
872 2650 965 2703 nactus
989 2652 1049 2702 erat
1072 2640 1115 2704 uir
1139 2639 1259 2704 eruditus
1282 2652 1378 2703 nomro

276 2740 403 2805 similem.
447 2740 490 2805 Ae
509 2742 591 2807 lorte.
605 2762 642 2804 co
655 2740 717 2826 ipso
734 2763 798 2803 usus
813 2752 870 2815 est,
893 2763 974 2826 quem
994 2740 1080 2805 lrabot
1091 2742 1289 2806 lllustrissimus
1304 2741 1376 2804 Can·

275 2840 421 2917 cellarius,
445 2854 474 2905 ot
495 2840 561 2905 olim
585 2840 715 2905 babuisse
740 2841 838 2905 dicitur
857 2843 954 2908 lllustr.
979 2867 1013 2907 ae
1038 2843 1195 2909 Reverend.
1221 2842 1377 2907 Cardinalis

277 2942 473 3021 lunaelacus,
500 2944 575 3009 cuius
590 2943 783 3007 llibliotlrecac
798 2944 906 3031 Gpllius
923 2945 1050 3031 praeluit.
1080 2946 1192 3010 Tenere
1205 2956 1249 3020 te,
1265 2946 1376 3022 Lector,

276 3044 376 3108 diutius
391 3046 466 3109 nolo.
509 3046 659 3131 Procopius
673 3045 788 3132 invitat:¹
810 3045 830 3122 i,
853 3067 987 3133 sequoro;
1014 3049 1095 3112 bonis
1117 3048 1214 3112 avibus
1228 3047 1379 3131 ingredere

277 3145 364 3213 viuur:
393 3147 531 3215 lustiniani
545 3149 671 3217 aedilicia
685 3147 752 3216 obi:
780 3148 892 3238 singula
912 3150 1063 3241 diligenter
1077 3151 1191 3241 inspice.
1226 3148 1308 3217 l'alo.
