3125 4959
557 445 700 514 uorsa
724 446 947 513 ιιιιιιιιι.
1005 417 1009 424 ’
1227 446 1303 550 ¹cros

205 610 377 692 imperiales
403 611 493 670 etiam
514 609 666 683 fecerunt3
694 618 728 667 nt
753 606 836 668 idem
858 609 1061 685 lastinianus,
1085 611 1138 691 qui
1159 612 1227 690 lege
1249 608 1303 668 ad.

204 714 306 755 versus
328 715 432 755 omnes
452 696 579 754 Arianos
600 696 677 768 lata,
703 697 855 753 immunes
876 707 977 753 tarnen
998 699 1193 755 Exocionitus
1214 700 1304 754 Aria·

203 800 259 840 nos
286 784 505 860 pronunciavit.
547 781 608 838 Eos
638 781 749 838 scilicet
774 783 827 861 qui
849 777 888 837 ad
909 800 964 838 sna
985 801 1069 839 sacra
1089 793 1175 840 extra
1197 783 1304 841 urbem

203 867 383 967 Byzantium
418 875 503 945 parte
537 866 772 944 septemtrionali
802 865 1038 939 corrveniebant3
1076 887 1168 948 quem
1203 868 1304 925 locum

193 943 339 1024 Ἔξα
290 973 400 1026 scorta,
422 970 438 1007 a
462 950 665 1028 compluribus
685 961 769 1008 extra
785 953 903 1008 moenia
926 952 1075 1009 columnis
1098 954 1173 1009 inihi
1194 963 1306 1009 extan-

201 1035 282 1093 tibus
312 1034 426 1092 dictum
452 1037 546 1094 fuisse
567 1036 734 1114 legimus
725 1055 757 1093 nr
786 1035 1011 1136 antiquitatibus
1031 1039 1091 1093 CP.
1135 1035 1304 1117 Theopha-

201 1137 271 1193 nes,
305 1117 324 1182 o‘
352 1115 493 1200 {icorlrrir
516 1082 723 1193 lanternario
751 1113 903 1182 intonsos
931 1115 1030 1192 πάσας
1057 1115 1112 1192 τὰς
1144 1121 1305 1201 ἐκκλησίας

200 1207 264 1264 ecia
281 1203 456 1309 emerseris,
486 1201 538 1265 nal
560 1198 715 1266 αἰιέδωιιεν
737 1199 833 1279 αιῖιας
853 1211 916 1278 τοῖς
933 1197 1131 1285 deicidium,
1155 1207 1223 1285 δίχα
1243 1211 1305 1269 τῶν

199 1281 409 1362 Ἐξακιαιιιιῖν
429 1283 605 1367 Ἀρειανιῖιι
646 1290 817 1368 Imperator
836 1290 1030 1348 bertinianus
1049 1288 1180 1346 abstulit
1202 1312 1305 1348 omnes

200 1372 418 1430 haereticorum
439 1375 590 1448 ecclesias,
612 1393 722 1454 easque
741 1374 919 1432 urtlrotiosis
934 1378 1086 1450 concessit,
1107 1378 1235 1452 exceptis
1252 1378 1304 1449 iis,

201 1478 280 1538 qnae
298 1459 490 1516 Arinuorurn
507 1461 763 1518 Exacionitarum
784 1471 887 1519 essent.
929 1460 970 1516 lli
994 1479 1104 1536 nempe
1122 1461 1304 1518 nobilissimi

201 1546 382 1602 A'rianornrn
400 1554 492 1618 erant,
514 1546 546 1601 iu
568 1564 696 1624 quornm
718 1545 880 1624 collegium
899 1541 1029 1601 adscribi
1051 1541 1229 1602 Gotthorurn
1252 1566 1303 1601 re·

202 1647 255 1706 ges
282 1630 379 1686 Italici
415 1641 638 1687 consueverant.
683 1631 779 1701 Quare
814 1640 901 1689 autor
930 1627 1062 1686 chronici
1091 1629 1302 1704 Alexandrini,

201 1712 241 1770 ed
262 1733 378 1771 arrntun-
394 1717 526 1774 Zenonis
547 1713 752 1789 undecimum,
769 1713 994 1774 Theudoricum
1015 1717 1226 1772 Exocionitom
1246 1734 1304 1771 ro-

200 1808 265 1870 cat3
294 1800 385 1878 q'uem
406 1801 508 1859 locum
529 1799 664 1859 eruditus
685 1803 831 1880 interpres
852 1797 1021 1858 Matthaeus
1040 1797 1174 1859 Raderus
1195 1820 1304 1879 parum

199 1883 363 1942 intellexit.

284 1971 319 2028 P.
342 1965 476 2043 74,·15.
520 1968 556 2027 A
574 1966 759 2027 seditionum
777 1969 983 2048 popularibus
1006 1970 1128 2046 passim
1155 1969 1303 2047 mactati]

200 2054 237 2110 ln
259 2054 383 2112 ecclesia
404 2057 501 2112 sancti
513 2056 605 2114 Mucii
623 2075 639 2112 a
654 2056 850 2112 Constantino
872 2052 1076 2127 exaedificata,
1100 2064 1129 2110 et
1149 2055 1212 2110 ium
1232 2052 1305 2110 inde

201 2138 240 2195 ab
261 2139 381 2197 ArianIs
403 2151 562 2219 occupata,
585 2159 690 2198 eorum
709 2138 816 2202 collui
837 2133 1073 2218 αιιειιταιθησαιι
1093 2137 1126 2200 ἐν
1147 2144 1212 2210 ταῖς
1232 2136 1306 2216 q‘pe'-

200 2243 269 2302 ραις
285 2216 501 2286 Ἶοιιστινιανοῦ
522 2229 579 2286 τοῦ
598 2219 738 2303 μεγάλου,
761 2224 984 2303 quamplurimi
1005 2219 1210 2281 contrucidati
1231 2233 1306 2280 runt

200 2317 330 2449 tempupre
350 2307 521 2366 Iustiniani
543 2313 658 2386 magni
701 2313 735 2364 lu
726 2312 896 2388 πατρίοις
915 2311 974 2367 CP.
995 2311 1037 2366 itu
1057 2309 1199 2385 legimus.

313 2433 320 2449 .
286 2392 399 2466 1²75,
424 2396 452 2453 1.
499 2393 609 2452 Cum
596 2397 637 2449 ris
659 2403 764 2450 temere
785 2393 1037 2472 conflagrarunt]
1060 2395 1210 2450 Similia
1201 2413 1231 2450 ιιι
1255 2390 1307 2448 hi-

201 2478 301 2536 storiis
322 2474 487 2551 habentur3
517 2478 666 2536 Salustius
688 2476 771 2534 idern
793 2477 883 2556 plane
906 2476 944 2534 de
965 2475 1169 2536 Tlralensibus
1191 2477 1307 2536 scribit.

198 2563 249 2619 Hi
273 2572 439 2639 postquam
465 2583 587 2621 murum
616 2562 763 2620 arietibus
783 2563 894 2641 feriri,
926 2583 1032 2640 resque
1058 2582 1135 2620 snas
1165 2564 1307 2642 afflictae

197 2642 322 2713 sitient,
344 2665 458 2702 aurum
467 2658 737 2725 ,argentumque,
759 2658 788 2705 et
809 2647 876 2704 alia
884 2667 994 2726 ,quae
1010 2649 1116 2726 prima
1137 2644 1307 2722 ducantur,

200 2725 324 2787 ᾰοιιιαιιι
342 2732 460 2808 regiam
477 2740 684 2828 comportant,-
706 2731 751 2786 iln'
771 2733 844 2786 uino
866 2743 894 2786 et
914 2733 1015 2808 epulis
1034 2735 1166 2808 onerati,
1189 2734 1308 2811 illaque

200 2824 228 2872 et
249 2812 389 2891 domum,
410 2824 438 2871 et
459 2823 548 2871 semet
570 2815 638 2892 igni
659 2823 873 2889 corrumpunt,
894 2825 923 2868 et
945 2835 1023 2891 quas
1046 2819 1122 2873 victi
1142 2819 1183 2874 ab
1206 2818 1306 2874 leuati-

199 2900 258 2958 tus
277 2918 392 2978 poenas
413 2898 600 2976 molliebant,
621 2919 673 2956 eor
695 2899 756 2976 ipsi
776 2897 905 2955 volentes
922 2895 1095 2976 pependere.

286 2987 320 3042 P.
340 2983 398 3057 75,
418 2987 450 3047 2.
491 2985 573 3062 Lege
593 2983 654 3042 lenc
670 2984 738 3040 lata
759 2985 853 3040 etiam
874 2984 907 3039 in
929 2983 1121 3060 Samaritae]
1150 2981 1228 3054 Quid
1250 2983 1304 3039 illa

199 3069 254 3127 lex
276 3071 449 3144 contineret,
470 3071 562 3148 paulo
585 3080 654 3126 ante
675 3070 838 3147 Procopius
861 3066 951 3126 dixit.
993 3071 1062 3128 Hos
1084 3089 1184 3126 omnes
1200 3071 1305 3146 priore
1320 3081 1344 3133 A
1362 3079 1397 3134 57

200 3157 347 3212 sententia
368 3151 504 3212 decedere
525 3156 631 3229 iussit,
653 3157 808 3232 protervis
829 3163 896 3210 tum
917 3154 986 3210 alia
1007 3157 1159 3226 minatus,
1188 3165 1255 3210 tum
1276 3165 1305 3210 et

198 3261 234 3297 ne
255 3238 359 3296 liberis
380 3249 437 3296 aut
453 3241 638 3317 propinquis
655 3237 736 3296 bona
756 3239 958 3315 relinquerent
978 3237 1170 3298 interdicens.
1212 3242 1306 3296 lusti-

199 3325 283 3380 niani
309 3341 379 3400 ergo
402 3325 572 3381 constitutio
598 3334 700 3381 contra
721 3325 885 3383 Samarites
906 3343 969 3382 nou
990 3333 1035 3381 est
1056 3325 1109 3380 lex
1129 3343 1209 3381 nona
1237 3322 1303 3382 cod.

201 3407 239 3466 de
267 3405 380 3465 haeret.
409 3417 443 3464 ut
471 3409 518 3464 vir
546 3407 651 3466 doctus
682 3409 791 3466 Caesar
812 3410 959 3466 Baronius
988 3410 1137 3486 opinatur.
1181 3409 1306 3466 Accedit

200 3490 284 3573 quod
311 3495 342 3549 in
372 3491 491 3549 taurello
515 3493 574 3552 129
603 3493 722 3570 singula
748 3502 944 3549 numerantur
966 3495 1062 3570 capita
1085 3496 1304 3551 constitutionis

199 3579 232 3636 in
250 3579 424 3651 Sarnaritas,
447 3595 523 3656 quae
545 3578 576 3632 in
598 3577 666 3653 lege
688 3578 742 3634 illa
763 3597 843 3636 nona
865 3579 991 3633 minime
1013 3587 1168 3654 apparent.
1211 3581 1305 3635 Porro

199 3677 260 3721 tres
290 3662 327 3724 de
357 3664 513 3722 Sarneritis
543 3659 632 3718 video
661 3665 819 3720 iustiniani
853 3663 1088 3719 constitutiones.
1132 3664 1235 3719 Prinru
1266 3662 1304 3720 de

199 3750 351 3826 religione¹
374 3749 435 3805 illis
463 3745 637 3819 interdicta,
664 3749 749 3804 ruins
777 3746 827 3806 hic
848 3749 1011 3825 Procopius
1035 3747 1193 3819 meminit3
1224 3747 1305 3805 unde

198 3833 303 3889 turbae
333 3842 362 3889 et
391 3831 553 3890 seditiones
583 3834 615 3888 in
637 3833 808 3889 Palaestina
838 3840 1007 3890 manarunt.
1050 3831 1209 3890 Secundae
1240 3836 1304 3889 sin-

199 3918 271 3994 gula
302 3920 399 3995 capita
428 3919 461 3972 iu
487 3917 607 3975 novella
638 3919 697 3980 129
727 3929 939 3990 recensentur,
969 3935 1080 3994 quarn,
1109 3927 1143 3972 ut
1172 3918 1303 3995 cyrillus

198 3999 465 4080 Scythopolitanus
488 4004 545 4076 ait,
566 4003 697 4058 instante
720 4005 908 4060 sanctissimo
927 4002 990 4058 viro
1012 4001 1094 4064 Saba
1114 4002 1341 4068 Palaestino-1³
1360 4018 1405 4072 131

199 4107 267 4148 rum
289 4088 388 4164 legato
409 4087 593 4144 Iustinianus
612 4089 753 4162 sancivit,
782 4090 893 4144 factam
916 4085 951 4142 ab
974 4089 1018 4143 eis
1038 4087 1250 4158 rebellionem,
1274 4098 1304 4144 et

199 4167 310 4230 darana
333 4169 509 4230 Christianis
536 4173 620 4229 illata
649 4172 863 4231 vindicaturus.
905 4173 988 4228 llaec
1009 4189 1129 4230 summa
1156 4175 1305 4229 constitn-

199 4257 288 4314 tionis
309 4257 377 4315 fuit.
421 4251 577 4317 παύεσθαι
597 4251 650 4329 nte
667 4261 727 4318 τῶν
747 4259 942 4338 Σαμαρειτῶν
965 4250 1157 4337 σιναγωγιῖς,
1177 4280 1230 4318 και
1247 4253 1304 4318 nd

200 4359 255 4418 σης
285 4364 341 4421 της
369 4341 519 4413 πολιτείας
549 4335 792 4416 ἀπελαύνεσθαι,
821 4365 873 4403 και
897 4339 974 4445 price
1004 4344 1203 4421 κληρονομεῖν
1232 4338 1304 4414 τούς

201 4426 314 4502 ἰδίοις,
344 4421 418 4508 μήτε
439 4422 514 4488 κατὰ
538 4427 653 4510 δωρεᾶς
679 4427 797 4490 linatur
819 4421 923 4501 αι’τοῖς
944 4425 1164 4505 ιιαιαιιέμιιειν
1209 4425 1251 4489 ἔτι
1271 4425 1304 4489 di
