3125 4959
292 417 383 500 464¹
638 423 685 494 ill
708 411 820 494 mss.
844 420 1042 493 thlNAli

272 589 390 649 'lectus
414 607 432 650 a
453 585 618 649 Iustiniana
639 597 695 649 est.
735 590 832 648 Extat
854 553 1050 649 in'Vaticana
1071 585 1255 674 bibliotheca
1271 583 1394 650 ‘lomna

289 760 448 820 iustiniani
469 757 667 818 immoderata
681 760 804 818 licentia
826 759 1113 862 quemadmodum
1103 782 1136 820 ιιι
1159 717 1323 822 occidentis
1345 779 1396 817 ec-

290 847 397 904 clesias
418 846 545 902 minime
564 846 712 924 pervasit,
734 846 776 904 ita
797 845 830 902 in
851 847 966 905 oriente
987 833 1225 926 patriarcharum
1245 847 1295 906 vel
1316 846 1399 905 osci-

289 932 400 1002 tantia,
423 931 473 987 rel
494 928 667 989 adulatione
687 930 852 989 invaluisse
873 929 1003 990 ridetur.

400 1055 409 1072 .
374 1012 505 1090 9158,
530 1013 581 1078 15·
624 1014 755 1074 Alienae
775 1035 889 1074 manns
909 1012 1097 1075 mentiendas
1112 1015 1251 1094 peritus]
1280 1017 1397 1074 liorntn

289 1097 438 1158 infinitam
467 1117 522 1157 suo
554 1109 690 1181 tempore
718 1100 813 1160 fnisse
841 1099 1087 1176 multitudinem,
1121 1103 1305 1160 lastinianus
1332 1102 1404 1180 ipse'

289 1184 445 1242 confirmat
466 1203 502 1242 ea
525 1186 593 1264 lege
615 1205 708 1267 qnam
729 1196 833 1245 contm
853 1186 980 1246 eosdem
999 1188 1079 1246 tulit.
1121 1187 1238 1244 Novell.
1257 1187 1311 1249 78·

373 1271 409 1326 Ρ.
430 1269 501 1344 155,
525 1270 555 1332 1.
601 1270 657 1330 Ille
677 1280 802 1351 occepta
819 1277 956 1351 pecnnia
976 1292 1046 1330 mox
1067 1271 1162 1350 legem
1182 1269 1304 1343 scribit,
1326 1269 1395 1347 etc]

287 1353 485 1412 centenariae
506 1357 748 1437 praescriptionis
770 1358 905 1418 ecclesiis
926 1379 944 1416 a
964 1359 1131 1416 Iustiniano
1153 1373 1320 1426 concessae,
1344 1373 1397 1411 oc-

287 1441 440 1498 casionem
462 1436 513 1498 hic
534 1439 630 1502 vides.
672 1444 833 1501 Praeterea
848 1463 909 1502 non
929 1453 1048 1501 tantum
1066 1443 1210 1501 ecclesiae
1230 1443 1396 1514 Romanae,

288 1533 323 1582 nt
344 1543 387 1582 ex
409 1527 530 1584 novella
552 1529 572 1589 9
595 1525 720 1608 qnidam
741 1529 887 1607 colligunt
907 1531 1176 1609 praescriptionem
1197 1537 1319 1584 centum
1340 1543 1396 1582 an-

289 1626 400 1667 norum
427 1612 642 1687 amplificatam
663 1613 776 1685 fnisse3
806 1611 862 1672 sed
876 1612 969 1687 ,hanc
989 1615 1125 1692 legem
1116 1633 1149 1670 ιιι
1173 1614 1314 1671 universo
1334 1613 1397 1669 llo·

289 1713 381 1753 mano
402 1695 529 1774 imperio
552 1695 677 1776 perinde
698 1698 839 1756 valuisse.

375 1781 410 1838 Ρ.
431 1778 503 1854 155,
524 1783 555 1844 9.
601 1781 725 1859 Quibus
745 1802 779 1840 ea
799 1791 890 1840 tanta
913 1790 1085 1861 temporum
1105 1778 1278 1854 distantia,
1306 1789 1398 1858 atque

289 1875 376 1922 nocte
399 1886 500 1922 rerrsm
519 1866 596 1936 plim
622 1877 799 1945 gestarum,
826 1865 916 1924 nulla
937 1863 1072 1940 defensio
1094 1863 1281 1946 suppeteret]
1312 1863 1397 1922 Adeo

288 1948 518 2008 incommodum
541 1961 633 2032 atque
662 1949 826 2010 absurdum
849 1948 909 2010 hoc
936 1951 1036 2008 ιίιιιιιι
1058 1960 1121 2025 est,
1149 1961 1183 2009 ut
1208 1951 1257 2008 vel
1279 1947 1338 2006 hac
1358 1947 1396 2005 de

290 2052 380 2092 causa
402 2040 605 2094 centenariam
626 2039 894 2116 praescriptionem
914 2037 1098 2094 lastinianus
1119 2055 1259 2094 revocare
1277 2045 1397 2093 coactus

178 2119 270 2178 em
290 2121 340 2193 sit,
362 2130 452 2200 atque
473 2123 596 2180 osnnino
614 2123 730 2197 tollere,
751 2133 787 2181 ut
807 2120 933 2180 habes
923 2142 956 2179 ιιι
977 2119 1075 2180 edicto
1094 2124 1209 2222 qniruo,
1231 2122 1281 2178 cni
1302 2120 1398 2178 falsus

287 2215 333 2263 est
354 2207 460 2264 titulus
482 2204 519 2264 de
540 2208 690 2287 litigiosis
709 2207 873 2285 praefixus.
914 2198 1037 2284 'Elatreia
1053 2203 1098 2278 di,
1117 2208 1232 2302 inquit,
1256 2200 1307 2266 deri
1330 2222 1397 2267 soc·

287 2284 380 2352 ούιου
402 2285 604 2370 θιασιημαιος
624 2294 680 2353 τοῦ
700 2289 815 2364 αἰῶνος
841 2285 1004 2395 psilloW
970 2307 1071 2396 ηπερ
1082 2292 1139 2352 sori
1166 2283 1295 2370 χρόνον,
1325 2285 1397 2351 ob'rs

285 2367 352 2455 οἷ’
331 2373 510 2478 αιεραιόιης
537 2377 599 2437 ταῖν
628 2368 831 2452 ἀποδείξεων,
862 2369 932 2437 obse
956 2371 980 2453 ἡ
1006 2376 1105 2448 πίστις
1134 2378 1197 2436 soie
1225 2372 1396 2455 πεπραγμέ.

285 2481 364 2532 νων,
390 2453 507 2521 oridi‘
483 2485 504 2541 η
526 2457 630 2540 sisela
652 2453 750 2540 ἰσχύει
773 2461 931 2542 βοηθῆσαι
950 2464 1015 2533 τοῖς
1035 2454 1175 2538 reciproco.
1216 2462 1330 2516 Mirum
1352 2468 1397 2518 est

284 2546 477 2623 aProoopio
508 2543 547 2603 de
581 2549 772 2604 revocatione
801 2542 893 2604 huius
928 2549 1116 2603 centenariae
1153 2546 1396 2630 praescriptionis

237 2667 239 2671 -
284 2627 363 2687 nihil
389 2627 460 2688 dici.
503 2631 641 2690 Fortasse
662 2629 694 2689 id
716 2632 902 2699 lastinianus
925 2631 1039 2689 curavit
1067 2640 1137 2709 post
1158 2649 1273 2688 artuum
1296 2632 1397 2709 irnpe-

284 2714 512 2860 pi'bsecundnrn
534 2726 624 2797 atque
645 2717 854 2796 trigesimum,
886 2713 1009 2796 qnando
1036 2713 1112 2775 haec
1133 2717 1299 2796 Procopius
1320 2717 1397 2775 scri-

307 2820 323 2858 ο
345 2811 376 2857 at

369 2881 499 2960 P·156‚
521 2886 553 2946 2·
596 2885 633 2943 Si
653 2883 779 2965 qnando
802 2888 882 2945 enim
902 2885 1070 2944 Pascbatis
1090 2841 1305 2963 celebritatem]
1329 2887 1395 2942 Non

283 2969 429 3028 Hebraeis
451 2967 558 3045 modo,
586 2968 672 3029 sed
662 2973 736 3050 apsis
759 2973 853 3030 etiam
873 2969 1052 3031 Christianis
1074 2980 1241 3029 vertentem
1261 2966 1395 3027 Pascha-

284 3056 325 3113 tis
348 3052 429 3113 diem
451 3057 599 3114 invertere
619 3059 786 3116 Iustiniana
815 3057 939 3139 placuit.
981 3059 1060 3115 Nam
1085 3074 1164 3113 anno
1186 3057 1252 3113 eins
1274 3054 1395 3132 imperii

285 3137 532 3218 undevigesimo,
561 3151 595 3200 ut
622 3153 723 3200 narrat
745 3139 969 3247 Theophanes,
1000 3160 1018 3198 a
1043 3158 1104 3219 quo
1125 3129 1252 3199 loannes
1274 3140 1394 3198 Siculus

285 3227 416 3304 accepit,
449 3225 564 3305 ἐγένετο
580 3220 756 3332 διαστροφή
764 3224 848 3326 περὶ
875 3229 932 3288 sori
953 3219 1043 3307 dylon
1064 3220 1182 3304 πάσχα,
1213 3223 1267 3288 aul
1293 3223 1396 3305 lacie-

287 3327 344 3370 σαν
373 3309 405 3370 ol
431 3308 524 3388 dunos
550 3331 608 3388 την
634 3303 865 3390 α’ποιιρειὶσιμσν
885 3308 972 3412 μηνὶ
982 3311 1182 3394 Φεβρουαρίῳ
1203 3303 1335 3396 τιιᾶριρ.
1377 3306 1395 3372 b

287 3391 321 3458 δὲ
347 3390 488 3474 βασιλεῦς
516 3391 697 3474 προσέταξεν
725 3393 771 3458 tet
756 3394 830 3477 ipso
857 3390 1012 3476 ἑβδομαδα
1039 3399 1202 3477 πραθῆναι
1222 3393 1312 3474 ιιρὲα,
1342 3391 1395 3456 sud

286 3472 398 3551 πάντες
419 3479 451 3541 ol
469 3482 647 3557 aaronitae
654 3479 805 3586 ἔσφαξαν
830 3481 884 3544 sai
904 3479 1099 3588 προέθηκαν,
1128 3479 1182 3542 sai
1203 3473 1346 3552 oddeir'
1323 3472 1394 3559 ηγό·

175 3573 202 3629 Α
217 3576 267 3631 111
287 3568 383 3645 ραζιν,
404 3559 474 3627 οὔτε
493 3559 590 3643 ἤσθιε.
633 3561 667 3628 τὸ
684 3561 718 3627 δὲ
740 3562 843 3668 πάσχα
860 3563 1024 3667 γέγονεν’
999 3589 1041 3640 ως
1058 3564 1075 3630 ὁ
1095 3562 1235 3667 βασιλεῦς
1251 3561 1392 3639 lull-soce,

283 3649 335 3712 aui
366 3645 527 3731 tripiiln‘
509 3672 525 3712 ο
558 3645 627 3722 λαὸς
657 3646 814 3728 νηστεύων
843 3647 997 3732 ἑβδομάδα
1025 3645 1178 3733 περιττήν.
1221 3653 1320 3710 Facto
1351 3657 1393 3707 est

283 3735 406 3833 eversio,
428 3745 462 3792 ut
482 3736 572 3793 vertit
591 3737 784 3812 Anastasius,
805 3737 843 3796 de
862 3748 969 3794 sancto
992 3737 1136 3812 Pasolsa,
1157 3747 1185 3796 et
1207 3757 1227 3795 a
1248 3735 1393 3794 menibus

284 3821 381 3898 coepit
408 3819 523 3898 vulgas
545 3819 694 3879 abstinere
719 3842 819 3882 mense
839 3823 1025 3894 Februario,
1053 3820 1103 3880 die
1130 3832 1254 3901 quarta
1297 3821 1394 3899 Impe-

282 3915 371 3962 rator
402 3915 504 3963 antem
539 3909 692 3986 praecepit
722 3908 791 3966 alia
818 3905 1005 3967 hebdomade
1035 3928 1157 3966 carnem
1192 3909 1330 3987 apponi,
1365 3913 1392 3962 et

282 3992 420 4048 omnium
448 3991 591 4048 οαιπὶιιπι
621 3989 792 4051 venditores
819 3992 954 4053 occidere
981 4004 1008 4052 et
1040 4013 1222 4072 apposuere,
1256 4002 1283 4050 et
1308 4009 1391 4049 nemo

283 4074 413 4150 emebat,
438 4086 494 4133 aut
515 4073 630 4138 edebat.
674 4079 771 4136 Porro
795 4080 920 4138 Pascha
931 4079 1064 4158 sactum
1085 4090 1143 4156 est,
1173 4088 1208 4137 nt
1229 4079 1391 4155 imperator

283 4163 392 4233 iussit,
417 4170 444 4217 et
466 4163 606 4222 inventus
627 4172 671 4220 est
687 4163 863 4244 populas
849 4167 991 4223 ieiunans
1010 4124 1205 4223 bebdorriada
1226 4161 1392 4240 superflua.

282 4247 335 4304 Ex
355 4243 414 4303 hoc
434 4246 502 4305 loco
524 4251 639 4328 corrige
660 4247 865 4331 Nicephorum
883 4250 1000 4309 Callisti
1021 4249 1045 4307 l.
1068 4251 1108 4313 17
1131 4269 1158 4309 ο.
1174 4251 1216 4312 32
1238 4249 1290 4328 qni
1311 4244 1392 4305 idem

283 4349 444 4412 perperam
465 4344 576 4393 narrat.

367 4417 403 4478 P.
420 4416 527 4493 156,9
529 4458 539 4478 ·
581 4419 718 4498 Liberis,
739 4417 852 4502 dequo
868 4419 970 4500 paulo
991 4428 1064 4480 arete
1084 4414 1298 4496 memoratum]
1322 4417 1392 4476 Erat
