3125 4959
555 443 697 510 NOTAE
722 440 946 512 attrutinat.
1231 443 1304 512 373

196 604 344 682 κυάνεον,
375 611 428 688 τῆς
456 599 614 686 θαλάσσης
635 600 792 670 sinicius.
834 607 897 671 Κατ
923 601 1055 690 η’ύχοντο
1078 605 1185 688 οἱμὲν
1214 630 1303 690 psap-

197 692 246 774 γοί
273 689 324 755 τίν
350 690 477 772 χλοανόν
501 696 610 776 vingit,
639 691 672 753 οί
697 689 731 753 δὲ
759 717 800 755 av
827 688 920 754 πάλιν
946 696 1084 756 sumitur
1112 698 1156 776 τῷ
1184 699 1302 754 αναιέιο

195 773 416 856 ἐβούλοντο
378 802 436 856 την
455 755 564 855 νίκην.
602 778 776 835 Oenomaus
795 779 918 875 primus
939 777 1099 837 adinvenit
1114 779 1303 838 Camenarum

196 863 324 933 colores,
344 863 457 940 quidus
477 873 576 919 terrae
595 883 634 919 ac
654 865 752 920 maris
773 865 864 941 querci
885 873 1033 921 certamen
1054 867 1302 942 repraesentavit.

195 946 400 1004 Mittebautur
428 957 540 1023 sortes3
568 967 657 1027 quem
683 968 752 1006 uero
774 951 949 1027 contigisset
970 959 1069 1007 terrae
1088 950 1183 1006 uicem
1213 969 1303 1028 agere

194 1028 354 1099 certando,
385 1032 440 1090 ille
459 1042 569 1089 uestem
589 1029 718 1092 uiridem
732 1030 903 1111 induebat·
925 1034 1096 1092 caeruleam
1121 1044 1223 1091 autem
1246 1036 1302 1110 qui

191 1127 297 1192 portes
315 1118 415 1173 maris
435 1117 556 1194 agebat.
599 1119 671 1176 Hoc
691 1128 841 1176 certamen
855 1120 1005 1198 vigesima
1021 1129 1137 1196 ‹puarta
1151 1116 1201 1176 dte
1213 1121 1302 1177 Mar
1307 1190 1310 1196 ‚

192 1201 418 1284 tiillenomaus
437 1203 607 1261 constituit.
652 1201 746 1280 Quod
765 1206 796 1260 ci
815 1203 899 1261 color
919 1201 1033 1262 viridis
1053 1205 1185 1281 vicisset,
1206 1213 1302 1260 terrae·

183 1282 384 1362 fertilitatem
406 1307 508 1346 omnes
528 1286 710 1365 sperabant3
735 1291 766 1343 ci
786 1289 955 1364 caeruleus,
976 1289 1185 1384 tranquillam
1205 1290 1303 1346 maris·

191 1373 432 1450 nauigationem
477 1373 582 1447 Quare
605 1370 763 1448 agricolae
781 1370 930 1448 optabant
949 1373 1112 1428 uictoriam
1133 1369 1231 1428 viridi
1252 1394 1303 1429 co-

191 1456 273 1512 lori:
307 1465 435 1531 nautae,
464 1454 611 1514 caeruleo.
653 1457 777 1513 Praeter
804 1452 880 1511 haec
908 1473 986 1535 quae
1006 1456 1170 1532 Procopius
1198 1465 1300 1512 ιιοιιοι

191 1537 230 1594 de
252 1541 451 1613 Venetorum,
471 1541 726 1619 Prasinorumque
747 1537 959 1613 seditionibus,
989 1540 1058 1617 lege
1078 1540 1100 1597 Ι.
1125 1543 1141 1600 1
1164 1535 1203 1596 de
1224 1540 1299 1596 bell.

191 1625 275 1680 Pers.
305 1625 470 1702 Eragtium
493 1623 627 1724 ibidem,
656 1626 867 1682 Marcellinum
889 1625 920 1681 in
943 1620 1100 1697 chronica,
1129 1621 1300 1701 Theopha-

191 1727 282 1781 nem,
309 1719 340 1766 et
361 1711 548 1766 Zonarsm
539 1729 571 1766 ιιι
601 1711 777 1770 Iustiniana.
818 1707 897 1780 vide
918 1706 974 1768 lias
993 1719 1081 1768 notas
1101 1709 1180 1766 iusta
1200 1707 1240 1766 sd
1266 1729 1299 1788 p.

190 1793 309 1854 estin.
334 1794 639 1858 mereshem.

274 1881 311 1936 P.
334 1876 390 1952 48,
413 1879 444 1941 4.
495 1881 536 1936 tu
557 1881 755 1958 dlaseagetoe
782 1853 896 1952 solent,
927 1897 1024 1956 quare
1049 1877 1134 1936 lianc
1159 1877 1301 1936 habiturn

189 1962 375 2022 Hunnicum
394 1963 569 2044 appellant]
591 1967 656 2022 Non
678 1966 868 2037 Hunnorum,
889 1981 951 2022 non
969 1965 1223 2040 Massagetarum,
1246 1961 1301 2020 sed

189 2050 407 2108 Saracenorum
430 2051 584 2128 proprium
606 2050 659 2106 alii
677 2047 759 2106 hunc
780 2046 919 2106 habiturn
939 2047 1034 2106 fuisse
1054 2059 1193 2120 narrant3
1216 2047 1300 2104 Geu-

191 2135 293 2193 tiiibus
309 2135 423 2231 passim
441 2136 581 2194 omnibus
595 2132 655 2192 hoc
669 2135 772 2192 tribuit
788 2134 956 2192 Hieremias
977 2153 1004 2191 c.
1022 2135 1061 2194 10
1078 2154 1170 2210 saper
1184 2151 1301 2189 omnem

189 2231 346 2278 attonsum
368 2223 452 2277 circa
465 2218 586 2297 sociem
607 2240 708 2277 οιιαιιι.
755 2218 796 2280 Οἱ
812 2216 992 2322 Σαραιιηὺοί
1021 2215 1081 2296 (ad
1103 2236 1174 2275 eum
1197 2217 1300 2274 Ιοοιιιιι

190 2307 231 2362 ait
245 2303 423 2363 Theodorus
438 2305 682 2406 Mopsuestenus)
704 2326 762 2381 την
782 2298 884 2409 νόμον
905 2298 980 2364 aurci
1001 2299 1036 2364 τὸ
1056 2297 1188 2364 ὄπισθεν
1210 2300 1300 2381 μέρος

189 2389 301 2464 ιἰὄντες
321 2385 419 2489 μόνον
434 2383 649 2471 οἷιιοκείρονται
670 2412 702 2452 το
694 2385 809 2466 μέρος
829 2411 862 2450 το
854 2383 979 2451 tet
948 2410 981 2450 το
1001 2385 1151 2466 μέτωπον,
1174 2411 1204 2448 οι
1191 2386 1302 2447 “elota

189 2473 224 2534 oi
248 2498 307 2536 νυν
335 2470 491 2556 λεγόμενοι
514 2476 665 2555 prestito».
712 2473 838 2532 Comum
860 2471 907 2531 ad
925 2475 1103 2551 occipitium
1121 2473 1304 2551 promittere

190 2570 233 2614 tec
247 2561 404 2629 Saraceni,
423 2570 544 2635 partem
565 2555 758 2616 solummodo
771 2556 898 2648 tondeat
899 2579 1008 2638 ,quae
1019 2557 1126 2637 sronti
1147 2560 1304 2632 imminet,

189 2649 244 2698 troc
265 2641 355 2698 hadre
378 2605 513 2699 Gentiles
536 2645 739 2720 appellamus.

274 2729 308 2783 P.
331 2726 383 2797 48,
405 2730 435 2788 9.
478 2727 600 2784 Intenta
621 2747 725 2798 manu,
748 2734 806 2781 etc.
828 2725 911 2781 alias
927 2724 1104 2802 incitarent]
1132 2729 1214 2784 Haec
1235 2736 1302 2790 stu·

190 2812 240 2869 dia
262 2812 453 2868 iuventium'
445 2829 477 2865 ιιι
499 2811 576 2868 circo
597 2809 873 2868 testiveCaesarius
896 2805 1037 2865 describit
1058 2806 1179 2885 dialogo
1201 2810 1299 2886 primo

190 2899 294 2971 initio,
317 2893 371 2954 sed
393 2893 440 2950 bie
462 2913 498 2951 ea
514 2904 633 3000 tautum
648 2893 749 2952 delibo
765 2911 843 2972 quae
865 2889 905 2950 ad
925 2893 1119 2972 χειρονομίαν
1137 2896 1299 2968 periment

194 2979 256 3060 Τὴν
281 2989 382 3061 peiore,
412 2982 526 3059 inquit,
553 2973 624 3042 κατ’
646 2973 748 3042 utitoio
775 2977 1007 3080 παρατείνοντος
1036 2975 1089 3038 καὶ
1116 2981 1160 3037 sai
1188 2981 1301 3060 iipaooi

187 3065 328 3128 δακτυλιο
348 3061 420 3136 satie
440 3063 602 3144 ἐχομένους
616 3066 773 3137 παίοντες,
797 3063 848 3125 καὶ
870 3085 928 3142 την
948 3058 1079 3142 nepertia
1100 3059 1299 3142 παοαιινιίμε·

189 3174 258 3222 νοι,
288 3149 340 3210 καὶ
371 3145 582 3228 αι’ίιανόοοι’
567 3149 618 3212 eni
650 3174 723 3224 τους
751 3149 1046 3256 otcbtodpopotivtuc
1075 3143 1301 3226 diuvtotoipevot

188 3259 327 3318 perporo
308 3236 420 3316 potiore
441 3227 546 3306 adroic
565 3257 604 3296 ια
595 3231 776 3297 δοκοῦντα
797 3230 872 3314 πρὸς
892 3256 926 3296 το
916 3229 1090 3296 tffnaatov

273 3323 309 3379 P.
331 3318 383 3391 49,
406 3320 438 3378 2.
480 3316 621 3376 Antehac
643 3322 760 3376 armati
770 3319 843 3396 sere
863 3319 982 3394 omnes]
1005 3321 1088 3376 Haec
1109 3315 1148 3374 de
1169 3319 1302 3378 Veneta

189 3426 257 3464 rum
267 3405 530 3507 ,Prasinorumque
551 3401 735 3461 facinoribus
756 3403 887 3459 narratio
910 3400 1061 3480 quaedam
1083 3404 1177 3460 veluti
1200 3404 1302 3461 tabula

188 3502 245 3564 est,
266 3492 298 3548 in
320 3509 379 3570 qua
401 3487 597 3566 contemplari
618 3487 706 3559 licet,
726 3484 801 3564 quid
822 3487 1068 3543 sceleratorum’
1059 3507 1091 3542 ιιι
1114 3488 1239 3545 urbibus
1260 3489 1300 3544 li·
1322 3485 1396 3542 A26

188 3579 288 3636 centia
320 3575 430 3652 possit,
463 3569 583 3653 quando
611 3573 783 3649 principum
812 3570 917 3629 favore
949 3569 1118 3650 studiisque
1151 3573 1300 3629 foveatur.

188 3665 294 3740 Neque
323 3659 363 3716 ad
392 3657 468 3715 haec
489 3658 627 3735 Procopii
653 3653 858 3715 confirmanda
886 3659 1128 3736 operaepretium
1151 3665 1195 3715 est
1226 3659 1302 3716 aiio-

190 3767 258 3804 rum
278 3744 451 3804 testhuonia
469 3744 646 3821 scriptorum
662 3743 694 3798 in
711 3738 848 3798 medium
865 3739 1027 3800 adducere
1071 3743 1151 3802 Satis
1172 3744 1210 3800 sit
1227 3741 1302 3802 haec

188 3831 348 3889 iustiniani
370 3840 507 3905 tempora
530 3847 570 3885 ex
591 3825 771 3905 modestiore
795 3837 908 3899 aetate,
932 3830 992 3884 et
983 3831 1112 3907 imperio
1133 3826 1299 3886 Theodosii

192 3919 294 3995 magni
321 3916 484 3987 coniicere,
518 3911 601 4014 quad
626 3914 697 3970 licet
724 3908 808 3970 hisce
839 3869 1021 3972 factionibus
1047 3911 1216 3970 blanditam
1241 3930 1299 3970 ιιοιι

189 4003 239 4074 sit,
262 4021 364 4061 earum
389 4009 490 4055 tamen
512 3999 688 4076 gravissime
711 3994 859 4054 damnum
881 4001 984 4074 sensit,
1007 4009 1040 4058 ut
1054 3998 1215 4076 Gregorius
1237 3999 1299 4052 Ne

189 4089 351 4146 zianzeubs
373 4083 482 4141 iambis
505 4082 667 4142 declaravit
689 4079 729 4140 αι]
749 4083 925 4142 Seleucum.

545 4167 648 4250 θέαμα
667 4170 811 4230 ιιωίικοῑν
834 4161 1033 4270 innodatipane

355 4248 456 4328 πόλεις
478 4256 610 4337 dictanti,
632 4257 730 4333 δῆμον
752 4252 796 4326 είς
818 4246 925 4314 σιοίσιν
944 4251 1041 4352 piper,

356 4335 452 4419 μάχας
475 4316 627 4415 bebionei,
649 4341 790 4415 ioidopou
810 4339 909 4436 θίγεν
914 4332 1020 4416 στόμα,

356 4421 454 4503 riperti
476 4428 608 4488 πολιτῶν
629 4426 755 4506 φίλτρα,
779 4441 937 4505 σογκροαει
956 4420 1038 4504 γένη,
