3125 4959
590 444 734 512 norm
758 402 981 514 summm
1262 442 1337 519 413

235 605 416 687 Ἰουδαίους,
444 609 497 674 καλ
518 610 705 690 Σαμαρείτας
727 602 905 687 ἀποκαλεῖς,
932 635 952 689 η
945 606 1123 685 Θεοτύκος
1150 607 1223 692 μεεά
1251 606 1339 675 iiten.

237 701 374 760 ΜΑΝΔ.
393 693 475 770 Ἕως
495 691 568 758 πότε
589 693 714 769 ἑαυτούς
735 700 924 798 καταρᾶσθε,
968 699 1092 760 ΠΡΑΣ.
1115 697 1149 758 εί
1161 721 1206 771 τις
1229 693 1266 760 o6
1286 699 1336 760 λε’·

236 805 298 860 νει.
329 778 375 846 ὅτι
402 775 504 862 ὀρθαῖς
529 775 666 843 πιστεύοι
694 777 901 861 ὖΔεσιιιίτης,
930 775 1072 860 ἀνάθεμα
1101 776 1196 867 αύτῷ,
1229 781 1271 856 οἷς
1295 786 1341 864 τῷ

235 863 342 950 Ἰούδα.
387 870 524 930 ΜΑΝΔ.
544 861 645 968 676
621 871 697 965 μμῖν
724 866 799 946 λέγω
821 864 908 938 εἰς”
890 889 943 928 ενα
964 868 1072 974 βμκτίζ
1056 872 1168 942 ζ.εσθαι
1215 846 1339 928 ΠΡΑΣ.

237 930 407 1033 ἀνεβύησαν
428 946 531 1014 ίιτοίνω
552 944 708 1030 ἀλλήλων,
730 952 781 1013 καί
804 949 996 1030 ἔκραζον,’
970 975 1012 1024 αις
1033 952 1185 1014 εἰιίλενσεν
1199 948 1336 1054 Ἀρείας,

229 1039 280 1112 ,εἰς
292 1035 372 1100 Ἕνα
392 1038 501 1117 βαιτείζ
499 1059 581 1117 ομαι.
627 1033 807 1097 MANA''
791 1059 883 1110 οντως
904 1037 933 1097 εί
953 1061 998 1142 μορ
1019 1031 1206 1142 ἤρνχάσητε,
1229 1031 1340 1099 ἀποκε-

237 1121 397 1202 φαλίζοιΓ
375 1127 490 1231 6664„
517 1125 641 1184 ΠΡΑΣ.
672 1119 797 1194 ἕκαστος
825 1116 998 1184 πεύθετ’
975 1120 1074 1228 αρχρὶν
1085 1127 1257 1227 κρατῆσαι,
1286 1122 1339 1184 tva
1355 1132 1379 1184 A
1396 1129 1432 1184 θλ

236 1212 336 1312 σωθῇ.
379 1204 490 1270 ιιαὶ”
459 1229 515 1269 ειτι
544 1201 584 1268 ἀν
611 1205 742 1285 είιιαιμεν
770 1201 968 1312 θλιβόμενοι,
1000 1203 1043 1287 μή
1073 1202 1280 1309 ἀγανακτήσω
1308 1203 1342 1268 τί
1408 1226 1410 1229 ·

234 1288 369 1401 κράτος
373 1287 521 1354 σον.τό
549 1286 607 1371 μάρ
634 1297 723 1353 θεῖον
750 1289 874 1353 πάντων
901 1286 1047 1370 ἀνέχεται.
1098 1287 1187 1394 λύγρν
1216 1292 1341 1368 ἔχοντες,

235 1371 439 1484 αιίτοκράεορ,
467 1369 706 1478 ὄνομάζομεν”
685 1399 753 1476 αρτι
778 1373 886 1438 κάντα.
930 1380 994 1438 ποῦ
1018 1373 1099 1438 ἐστίν
1126 1371 1183 1440 ονἰι
1204 1377 1340 1455 οίὸαμεν,

235 1460 307 1526 ούιίὲ
338 1458 373 1525 τὸ
402 1455 569 1567 πμλάτιον,
601 1455 834 1563 τρισαύγουστε,
868 1454 940 1524 0666
969 1461 1120 1534 πολιτείας
1151 1458 1341 1533 κατάστασις.

234 1549 309 1628 μίαν
331 1547 374 1618 εἰς
395 1541 453 1645 την
469 1541 557 1606 πόλιν
578 1543 774 1644 προέρχομαι,
795 1541 869 1607 ὅταν
889 1546 933 1619 είς
934 1542 1142 1652 ἩΒσυριλοίνην
1156 1545 1338 1623 καθέζομαι.

235 1634 302 1695 είθε
323 1626 401 1734 μηδὲ
419 1623 487 1690 τότε
506 1623 726 1727 τρισαύγουσεε.
771 1633 908 1691 ΜΑΝΔ.
933 1628 1055 1736 ἓκαρτος
1076 1626 1275 1707 ἐλεύθερος
1257 1653 1337 1693 σπου

233 1717 347 1790 ἐθέλει,
381 1708 552 1786 ἀκινδύνως
573 1707 753 1791 θημοσιιύει.
799 1717 922 1820 ΠίῖΑΣ
951 1712 1003 1774 καί
1024 1714 1134 1792 θαρροί
1154 1715 1336 1795 ἐλευθερίας,

233 1802 284 1864 καὶ
305 1801 471 1879 ἐμφανίσαι
492 1792 531 1860 ον’
553 1801 772 1897 συγχωρούμαι.
815 1822 867 1859 και
889 1793 946 1860 ἒάν
973 1797 1053 1860 ἐστιν
1058 1796 1249 1899 ἐλεύθερος,
1278 1799 1336 1878 ἔχει
1354 1806 1378 1857 V
1393 1807 1447 1862 ³63

233 1883 265 1948 δὲ
278 1887 443 1984 Πρασίνοιν
457 1880 622 1958 ἀπόληψιν,
643 1876 764 1954 κύνειος
782 1882 826 1952 είς
842 1877 977 1984 φανερὸν
992 1876 1154 1957 κολάζεται.
1197 1889 1333 1946 ΜΑΝΔ.
1351 1895 1373 1946 P
1392 1892 1443 1948 186

232 1965 474 2073 ἕτοιμοθάνατοι,
496 1961 569 2029 ον’θὲ
590 1969 651 2027 ταῖν
665 1971 775 2073 ψυχρᾶν
796 1964 883 2044 ἀμῶν
905 1967 1059 2044 φείδεσθε.
1102 1972 1225 2031 ΠΡΑΣ.
1213 1968 1337 2075 νρίιιαρ

231 2059 325 2118 θείτοι
356 2050 388 2116 τὸ
417 2057 522 2133 χρῶμα
548 2055 649 2112 τοῦτο.
690 2049 743 2112 καί
757 2075 792 2151 q
822 2052 892 2132 δίκη
921 2045 960 2113 ού
987 2056 1163 2155 χρηματίζει.
1208 2050 1279 2128 ἀιες
1304 2049 1338 2116 τύ

258 2134 448 2203 ονεύεσθαι.
473 2133 573 2199 καλ”
552 2158 629 2213 αφες
647 2129 860 2238 κολαζόμεθα.
904 2136 967 2206 tte,
992 2136 1077 2244 ιρηγή
1104 2133 1257 2242 βρύουσα,
1284 2137 1337 2201 καί

232 2246 324 2300 οσοας
341 2223 449 2298 θέλεις
476 2220 592 2296 κόλαζε.
634 2212 763 2302 ἀληθῶς
781 2216 839 2284 δύο
859 2225 955 2285 ταῦτα
976 2215 1016 2284 ον’
1037 2222 1123 2304 φέρει
1151 2216 1336 2305 ἀνθρωπίνη

232 2484 262 2534 et
291 2473 456 2534 Samarites
489 2492 546 2534 nos
581 2469 740 2553 appellas't
777 2474 818 2531 Et
846 2471 934 2532 uobis
965 2471 1095 2553 propitia
1127 2469 1249 2551 deipara
1280 2482 1335 2536 est.

231 2561 336 2618 Manu.
359 2562 520 2640 Quousque
541 2560 573 2616 in
595 2569 693 2618 restra
711 2561 808 2639 capita
829 2557 990 2617 effundetis
1007 2556 1193 2617 meledicta?
1236 2560 1335 2616 Ριιεε.

231 2646 372 2722 Quisquis
393 2665 454 2704 non
475 2654 553 2702 recte
576 2643 696 2702 credere
714 2648 885 2722 Augustum
907 2643 1002 2718 dicat,
1030 2656 1064 2702 ut
1084 2644 1196 2718 iudae,
1224 2646 1268 2702 sic
1289 2646 1335 2701 iiii

231 2727 391 2786 attatltema
410 2733 459 2787 sit.
502 2731 608 2788 Μλσι).
631 2731 735 2789 sime
758 2730 877 2800 auditis,
899 2732 932 2787 in
955 2749 1050 2787 unum
1072 2749 1178 2787 omnes
1200 2728 1336 2807 baptiza-5

229 2817 339 2871 minor.
382 2816 480 2872 Pnus.
511 2815 712 2873 Tumultnose
733 2818 958 2887 exclumnmnt3
988 2818 1031 2872 sic
1053 2825 1085 2871 ut
1107 2815 1212 2872 Antias
1236 2816 1335 2889 iussit,

229 2900 262 2956 in
284 2917 379 2956 unum
396 2899 540 2978 baptizor.
583 2900 690 2957 Manu.
713 2900 853 2973 Omnino,
875 2900 935 2956 uisi
952 2901 1134 2978 quieveritis,
1158 2901 1334 2976 οιιμὶῐιτριι-Ι

229 2986 367 3041 niemini.
409 2986 508 3042 Pnss.
539 2985 672 3063 Quisque
701 2985 795 3042 ambit
820 2986 997 3062 imperium,
1028 2994 1061 3040 ut
1077 3003 1212 3042 securus
1242 2986 1333 3040 vitat.

229 3071 270 3126 At
290 3088 345 3128 nos
365 3071 419 3149 qui
441 3071 471 3126 in
500 3073 652 3127 aernmnis
673 3089 842 3144 versamur,
871 3067 1020 3148 quidquid
1042 3069 1212 3146 loquimur,
1245 3072 1333 3148 aequi

228 3152 360 3232 bonique
383 3154 519 3213 consulat
540 3157 702 3232 imperium
722 3167 827 3213 tuum:
851 3174 924 3211 ιιιιαι
946 3165 976 3212 et
997 3152 1134 3210 divimnn
1156 3173 1268 3211 numen
1289 3157 1333 3212 siu

230 3258 334 3296 omnes
362 3239 475 3297 suffert.
524 3241 757 3312 Quaestionem,
790 3243 971 3318 imperator,
1004 3236 1170 3312 habemus,
1198 3238 1333 3318 ideoque

230 3326 331 3382 omniu
353 3320 404 3384 hic
424 3326 587 3404 loquimur.
631 3323 881 3404 Quandoquidem
901 3328 1037 3383 Aususte
1058 3327 1211 3395 ιιιοαὶιιιο,
1234 3344 1333 3405 neque

230 3411 338 3482 curiae,
360 3427 459 3488 neque
482 3410 664 3489 reipublicae
686 3408 866 3487 dignitatem
886 3410 983 3466 ullam
1003 3429 1160 3487 superesse
1176 3408 1332 3480 videmus3

228 3503 294 3552 tum
316 3494 415 3552 solnm
443 3493 613 3572 prodeo'in
643 3496 763 3563 urbem,
793 3515 862 3565 cum
890 3493 1024 3553 Burdoni
1052 3495 1188 3566 insideo,
1217 3497 1333 3551 utinum

229 3582 363 3656 Auguste
379 3582 523 3650 maxime,
545 3600 588 3661 ne⁸
602 3592 667 3638 tum
685 3580 819 3661 quidem.
862 3581 969 3637 Minu.
993 3581 1133 3658 Quisquis
1150 3580 1236 3649 liber,
1255 3599 1333 3658 quo·

229 3683 358 3742 cumque
372 3666 493 3722 libitum
507 3665 554 3722 iiii
576 3675 629 3737 est,
651 3687 753 3730 secure
768 3664 888 3745 prodire
907 3675 1017 3744 potest.
1060 3667 1157 3722 Pnts.
1177 3665 1243 3719 Meu
1261 3684 1333 3721 sane

227 3749 365 3806 libertate
386 3749 464 3824 fido,
486 3769 543 3807 nec
564 3759 664 3807 tamen
688 3751 763 3808 mihi
784 3755 815 3808 in
839 3751 995 3829 publicum
1017 3751 1119 3810 venire
1140 3751 1333 3828 permittitur.

228 3834 370 3914 Quisquis
391 3835 468 3892 liber
490 3838 537 3893 oui
553 3837 854 3894 Prasinae.factionis
876 3837 984 3892 iniecta
1006 3837 1136 3914 suspicio
1159 3838 1206 3904 sit,
1230 3837 1333 3891 statim

226 3919 294 3978 tuoe
316 3919 417 3998 pelam
438 3924 570 3998 punitur.
614 3922 719 3978 nimo.
750 3925 905 3979 Destinata
928 3924 1008 3987 crnoi
1030 3924 1144 3999 capite,
1175 3922 1333 3996 itane-ve-

227 4015 303 4064 stras
325 4006 440 4062 animas
463 4004 616 4065 devoretis
624 4003 638 4063 ί
683 4007 778 4064 Ptine.
802 4009 923 4065 Scilicet
940 4005 977 4064 de
994 4006 1095 4064 medio
1113 4004 1256 4060 tollamur
1277 4024 1333 4062 nos

226 4086 285 4148 hoo
306 4091 442 4168 insigniti
464 4092 571 4150 colore.
615 4093 739 4149 Interim
761 4092 863 4149 nuilus
885 4095 923 4149 sit
949 4095 1087 4164 institiae
1102 4089 1197 4146 locus.
1242 4091 1292 4146 Tu
1315 4110 1332 4146 a

227 4173 368 4233 caedibus
396 4175 529 4248 abstine3
561 4196 596 4233 αα
625 4187 688 4233 tum
716 4177 945 4235 rrsuiefaotornrn
974 4196 1028 4233 nos
1058 4193 1170 4252 poenas
1200 4175 1331 4231 luamus.

226 4261 265 4319 Ut
288 4262 359 4318 illae
384 4280 424 4318 ex
446 4260 528 4318 fonte
550 4263 662 4320 saliunt
685 4280 797 4340 aquae,
825 4265 865 4319 ita
888 4261 959 4316 flerat
982 4261 1105 4317 iilorum
1128 4279 1230 4330 eruor,
1256 4278 1331 4336 quos

226 4343 265 4403 ad
286 4348 469 4425 supplicium
490 4350 661 4424 expetieris.
706 4349 817 4404 Verum
839 4345 898 4403 duo
922 4346 973 4400 itta
996 4346 1189 4422 (iniustitiam
1211 4355 1239 4400 et
1263 4364 1332 4400 cru-

226 4428 393 4510 delitatem)
414 4429 582 4490 humanum
603 4434 761 4511 ingenium
781 4433 873 4514 plene
895 4428 1044 4489 abhorret.
1089 4434 1209 4490 Utinam
1227 4430 1259 4484 in
1280 4429 1331 4485 iu-
