3125 4959
589 374 733 442 notan
757 374 979 446 statuunt.
1258 373 1333 444 375

233 538 401 598 iustiniani·
414 557 536 619 peracre
558 537 714 618 ingenium
736 539 768 597 in
790 535 849 599 lroc
870 540 948 600 libro
969 558 1059 620 saepe
1081 538 1243 618 Procopius
1264 537 1332 602 lan-

233 624 295 682 dat.
336 626 382 690 Ibi
405 625 535 683 florentis
557 627 663 684 aetatis
685 626 853 700 fervorem,
881 623 931 683 hic
948 627 1131 684 senescentis
1157 625 1333 701 languorem

232 721 443 790 atnpursmqne
474 720 570 768 notat.
622 707 787 768 Menander
817 712 975 769 Iustiniani
1005 719 1174 791 protector,
1206 702 1246 772 ου’
1275 704 1332 791 γὰρ
1349 707 1375 762 V
1394 709 1448 764 ³50

230 793 359 898 iouiqiya
379 795 413 856 oi
430 790 464 856 ed
484 798 588 873 σῶμα,
610 789 683 858 ov'di
703 790 835 875 ἤκμαζεν
856 793 880 875 η’
900 791 993 875 ἀλκὴ,
1023 789 1089 858 n'ii'
1108 790 1171 874 ἤδη
1191 791 1335 875 γηραλέος

229 901 261 939 τε
286 900 345 958 ην,
370 877 423 941 καὶ
444 874 483 941 τὸ·
497 873 640 961 ἀνδρεῖον
656 879 753 943 ἐκεῖνο
774 873 921 962 φρόνημα
942 879 1137 963 μετεβέβλητο
1161 878 1205 952 εἰς
1227 873 1261 940 τὸ
1283 878 1335 963 ὀρι-

228 959 409 1044 θαμότερον.
452 964 557 1043 Neque
576 967 656 1023 enim
677 966 812 1043 amplius
831 977 934 1046 vegeto
958 977 1024 1036 erat
1045 985 1177 1044 corpore,
1198 963 1335 1022 vir-iiius-

229 1067 286 1126 que
301 1048 504 1127 florentibus,
531 1045 589 1113 sed
613 1052 678 1107 iarn
705 1061 863 1127 senuerat,
897 1061 926 1109 et
944 1052 1048 1129 sortia
1075 1051 1129 1108 ille
1148 1051 1274 1106 απίιιιιιε
1300 1050 1334 1106 in

227 1134 387 1210 segnitiem
417 1131 647 1214 vecordiamque
674 1132 916 1214 degeneraverat.
964 1133 1110 1214 Agathiss
1137 1134 1161 1192 l.
1182 1134 1214 1198 5.
1240 1135 1335 1196 ταῦτα

226 1210 426 1302 Ἰοοστινιανῷ
446 1213 583 1293 veniisset
603 1218 645 1281 ἔτι
665 1218 718 1282 καὶ
738 1219 899 1304 ἐρρωμένῳ
916 1217 1094 1302 ἐξείργαστο.
1119 1210 1201 1324 cippi
1222 1215 1255 1282 di
1276 1213 1334 1296 erio

227 1296 354 1382 ἐσχάτην
374 1307 431 1366 τοῦ
450 1304 521 1383 βίον
542 1303 668 1384 πορείαν
682 1299 878 1386 ἀπειρηκέναι
896 1310 959 1378 τοῖς
973 1301 1082 1379 πόνοις
1094 1301 1204 1366 itiones.
1250 1303 1334 1361 Haec

221 1388 383 1466 praeclare
411 1400 484 1446 aeta
510 1399 585 1448 eunt
602 1388 781 1449 ¹Issetiniano
811 1389 915 1450 adhuc
942 1392 1077 1464 iuniori,
1107 1409 1145 1447 ac
1166 1397 1265 1446 sante
1283 1389 1333 1444 sri-

223 1475 329 1550 genti,-
359 1493 464 1532 verum
489 1477 518 1532 is
540 1485 695 1552 postremo
726 1478 809 1534 vitae
829 1473 957 1534 decursu
985 1497 1006 1532 a
1034 1476 1119 1532 curis
1139 1471 1333 1530 abhorruisse

228 1558 314 1614 sisae
332 1567 384 1614 est.
426 1560 466 1616 Ut
486 1578 558 1615 vero
577 1559 716 1635 languori
737 1558 930 1638 desidiaeque
950 1579 983 1617 se
1004 1555 1121 1615 dederit
1137 1558 1332 1628 lastinianus,

226 1650 257 1696 et
278 1651 391 1720 quanto
412 1660 482 1698 cum
503 1642 685 1718 reipublicae
708 1640 830 1718 darnno,
854 1644 922 1720 lege
944 1661 1022 1722 qnae
1043 1643 1145 1700 statim
1166 1641 1233 1698 tuse
1255 1642 1332 1698 scri-

154 1759 158 1763 >
227 1725 271 1782 bit
287 1721 445 1802 agathias.
487 1727 533 1783 De
553 1727 710 1784 Iustiniani
735 1747 814 1806 pene
842 1725 952 1785 stolida
980 1735 1133 1785 senectute
1155 1723 1226 1784 ride
1245 1734 1332 1782 tratas

226 1807 282 1868 has
303 1808 344 1868 ad
362 1828 440 1888 pag.
464 1813 523 1874 137
546 1828 588 1867 ex
609 1812 718 1890 quibus
745 1811 913 1889 intelligas,
941 1830 1035 1890 quam
1054 1808 1164 1888 frigide
1185 1811 1333 1890 corippus

226 1914 295 1953 earn
315 1893 511 1954 stoliditatem
531 1895 564 1952 in
584 1897 815 1954 sanctimoniam
835 1898 962 1975 accipiet
982 1915 1017 1954 ac
1038 1896 1260 1974 interpretetur.

295 2020 297 2023 ψ
352 1979 495 2036 Plurima
515 1989 590 2037 sunt
608 1982 679 2038 νὶνο
699 1983 833 2038 nimium
853 1981 989 2060 neglecta
1005 1983 1132 2059 parenti
1137 2005 1147 2055 3
1350 1983 1372 2038 P
1390 1982 1440 2040 109

355 2062 453 2120 Nulla
469 2062 538 2136 suit
559 2064 625 2119 iam
645 2082 723 2120 cura
743 2065 843 2133 senis,
867 2066 932 2120 iarn
947 2063 1092 2143 frigidm
1112 2063 1212 2122 omnis

249 2192 251 2195 -
322 2188 324 2191 -
353 2149 490 2205 Alterius
510 2148 593 2203 vitae
612 2147 677 2204 solo
693 2146 834 2222 fervebat
854 2167 969 2222 amore,

353 2231 391 2290 In
412 2233 531 2289 coetum
551 2251 634 2289 mens
654 2234 755 2289 omnia
774 2241 858 2308 erat,
877 2233 944 2290 iam
964 2231 1100 2310 corporis
1120 2229 1218 2288 leuius

352 2317 512 2376 immemor
531 2315 613 2374 hanc
633 2315 745 2376 mundi
761 2317 877 2392 sociem
898 2317 1045 2375 transisse
1061 2315 1209 2395 putabat.

261 2449 263 2453 ,
311 2404 346 2459 P.
365 2403 417 2475 53,
441 2404 492 2464 12.
535 2402 720 2460 Simillimue
740 2401 842 2480 asino]
865 2402 1035 2482 Statimque
1056 2397 1157 2460 subdit
1178 2419 1265 2458 aures
1280 2401 1331 2456 iu-

224 2489 354 2544 stiniano
377 2488 483 2565 agitari
503 2487 624 2559 solitas,
654 2487 852 2566 quamobrem
873 2487 993 2566 publice
1022 2489 1054 2543 in
1076 2483 1193 2543 theatro
1213 2486 1331 2553 Prasiai

224 2592 296 2627 cum
330 2573 376 2628 iiii
410 2574 663 2647 continerentur,
699 2574 823 2629 asinum
859 2571 1062 2652 appellabant.
1115 2573 1197 2628 Fasti
1225 2570 1333 2629 Sicuti.

224 2653 309 2717 iiiior
331 2653 364 2716 di
385 2655 526 2737 ἔκραζον,
548 2655 698 2736 ἐπιορκεῖς
718 2649 884 2737 Σγαύδαρι.
924 2657 995 2714 Alii
1018 2655 1230 2727 clamitarunt,
1247 2657 1332 2732 peie-

224 2763 289 2816 ναι,
311 2740 480 2818 Sgareduri,
500 2741 570 2818 lega
591 2735 740 2821 Γαΰδαρε,
760 2744 825 2801 sive
846 2747 875 2802 Γ
871 2737 1001 2822 αὕδᾶρη.
1044 2737 1215 2798 Matthaeus
1232 2737 1333 2795 Rude-

224 2846 286 2898 rns,
307 2829 416 2900 nescio,
436 2827 544 2904 inquit,
567 2823 648 2904 quid
658 2827 717 2884 lenc
734 2829 834 2900 νοοίο,·
856 2823 981 2884 videtur
995 2827 1173 2884 convicium.
1214 2825 1333 2900 Lingua

223 2912 407 2969 Graecarum
427 2913 588 2970 vernacula
602 2905 778 2993 γαΰδαρος,
801 2904 846 2970 est
870 2914 988 2970 minus.

308 2997 409 3071 Ρ.53,
428 2997 477 3058 16.
518 2999 654 3054 Hunnoe
675 2998 732 3075 qui
752 2987 882 3074 saepius
899 2993 945 3054 ad
963 3017 994 3053 ee
1015 2991 1227 3068 adventarent]
1248 2993 1331 3067 Lege

223 3098 302 3156 quae
322 3082 400 3138 inira
418 3091 559 3142 notamus
580 3079 620 3140 ad
641 3082 728 3160 pto
749 3082 804 3139 lin.
823 3085 876 3146 27.
898 3079 950 3144 35·
973 3079 1025 3154 37,
1047 3089 1078 3137 et
1098 3079 1186 3156 pao
1206 3077 1330 3150 lin-12,

223 3173 253 3221 et
275 3184 306 3241 p.
328 3164 371 3224 87
393 3165 449 3222 iin.
471 3167 522 3226 11.
555 3202 557 3210 ν

276 3315 279 3321 ,
306 3250 343 3304 Ρ.
365 3246 417 3321 54,
439 3247 472 3313 5.
514 3249 648 3308 Morinis
666 3249 933 3308 substructionum
953 3245 1105 3326 moleiras]
1138 3246 1218 3317 Quas
1244 3245 1331 3302 exci-

222 3333 297 3390 tarit
320 3334 352 3389 in
373 3334 489 3390 Heraea
509 3332 699 3406 suburban03
721 3354 772 3393 eas
793 3336 825 3392 in
847 3335 907 3392 fine
928 3334 1020 3414 primi
1036 3330 1241 3389 aedificiorum
1261 3331 1330 3388 libri

222 3418 366 3476 describit
385 3418 565 3496 Procopius,
595 3417 699 3497 ibique
720 3438 804 3476 mora
826 3437 885 3478 sno.
903 3439 959 3496 per
979 3419 1114 3495 speciem
1135 3414 1331 3474 sonnneuda-

222 3504 314 3561 tionis
332 3504 453 3561 tacitam
469 3513 553 3582 parat
570 3503 834 3580 vituperationem,
850 3521 942 3581 quam
954 3511 1055 3579 aperte
1066 3503 1099 3557 in
1109 3498 1168 3559 hoo
1178 3501 1256 3559 libro
1268 3510 1331 3558 erat

222 3599 470 3666 exaggeratnrus.
513 3580 592 3649 'atii'
610 3580 775 3667 ἆποχρήσει
798 3589 893 3648 ταῦτα
917 3585 1015 3648 εἰπεῖν
1038 3579 1176 3664 βασίλειά
1198 3607 1229 3647 τε
1252 3579 1331 3646 εἶναι

221 3671 274 3734 καὶ
293 3668 368 3750 πρός
382 3666 598 3735 Ἰονστινιανοῦ
610 3670 766 3754 γεγονέναι
786 3664 939 3752 παρόντος
958 3693 990 3733 τε
1010 3668 1063 3731 καὶ
1084 3667 1330 3750 ἐπιτεχνωμένου,

157 3805 160 3810 ·
220 3783 273 3820 και
292 3759 416 3832 ουδενος
437 3751 642 3837 απεριόπτον,
668 3751 716 3820 ὅτι
743 3753 787 3837 μη
813 3749 975 3837 χρημάτων
1002 3756 1236 3836 καθισταμένου.
1279 3755 1330 3811 De

220 3845 279 3901 hoc
299 3852 379 3918 toto,
408 3843 524 3921 inquit,
556 3841 698 3920 aedificio
722 3840 806 3901 illud
833 3844 914 3903 satis
934 3843 975 3899 sit
996 3838 1109 3920 dicere,
1131 3841 1248 3918 regiam
1267 3859 1331 3896 esse
1420 3845 1421 3848 ’

219 3938 486 4006 constructumque
507 3947 529 3984 a
551 3923 730 3986 Iustiniana
751 3924 954 4004 assiduitate,
976 3937 1004 3984 et
1025 3935 1091 3984 arte
1111 3945 1173 3982 rern
1194 3935 1329 4000 tergente,

221 4015 385 4092 emniaque
407 4023 531 4092 praeter
559 4014 727 4091 impensae,
754 4011 989 4091 diligentissime
1013 4019 1148 4071 curante.
1197 4009 1232 4066 Si
1260 4012 1329 4088 quis
1346 4024 1370 4078 Α
1385 4025 1420 4078 23

221 4100 357 4157 animum
379 4095 530 4172 attendat,
558 4093 615 4154 hac
637 4099 714 4161 solet
736 4098 932 4175 ambiguitate
953 4096 1136 4173 Procopius,
1164 4094 1215 4151 vel
1237 4099 1328 4154 etiarn

220 4204 262 4240 ex
283 4185 413 4242 aliorum
434 4185 584 4262 opinione,
605 4184 765 4243 Iustiniani
787 4193 871 4265 gesta
891 4179 1025 4253 laudare,
1047 4197 1125 4257 quae
1146 4179 1179 4237 in
1201 4173 1328 4242 dossid-

222 4290 283 4340 νοις
305 4278 369 4325 erat
391 4269 622 4346 vituperatnrns.
668 4267 743 4327 tide
764 4265 820 4334 has
841 4279 927 4326 rrotos
947 4265 985 4322 ad
1006 4286 1037 4343 p.
1059 4263 1111 4327 50.
1132 4333 1134 4338 ,

306 4354 341 4412 Ρ.
363 4351 422 4429 54,
447 4356 497 4417 16.
550 4354 654 4410 Huius
682 4352 815 4412 hominis
837 4353 964 4433 firmae
993 4348 1100 4408 ducere
1129 4345 1328 4426 lineamenta]
