3125 4959
265 418 325 467 xri
579 383 778 459 thhlslllNl
799 390 1059 459 nissnntatw.
1184 397 1187 401 ’

265 562 401 655 peratoris
422 550 555 629 consensu
570 561 717 627 uniuersae
736 582 790 649 por
808 561 955 649 Imperium
969 564 1121 628 ltomamm
1140 573 1240 648 gentes
1260 565 1303 643 (ut
1321 574 1364 625 est

265 669 337 733 libro
360 665 468 747 ultimo)
490 662 656 728 lectitabant.
699 664 794 745 Quare
815 663 918 729 nemini
938 664 1035 729 mirum
1056 665 1211 741 videbitur,
1233 664 1308 728 eiad
1322 664 1363 727 hi·

265 770 377 833 storiam
388 766 560 835 metatores
583 766 774 844 asserendam,
803 766 850 831 hic
865 778 894 832 et
907 766 935 831 in
950 766 1030 831 Notis
1048 766 1228 853 probationes
1249 787 1285 831 er
1300 765 1364 830 reli·

264 873 325 960 quis
338 868 466 955 Procopii
482 866 559 931 libris
572 872 715 953 petamus,
742 890 803 933 cum
816 860 919 933 nullam
932 882 988 933 tam
1001 890 1110 946 seram,
1132 880 1241 954 tamque
1254 869 1366 933 fidelem

265 972 302 1037 de
316 972 462 1049 iustiniano
473 967 615 1033 historiam
630 969 754 1035 inuenire
773 972 872 1047 liceat,
896 994 978 1058 quam
997 970 1039 1035 cui
1055 970 1187 1035 calculum
1204 971 1253 1034 illo
1274 964 1367 1037 album

265 1074 415 1150 adiecerit,
441 1094 575 1158 quamque
594 1070 776 1138 subiectorum
792 1073 917 1137 manibus
931 1084 1004 1137 toto's
1018 1086 1126 1159 septem
1145 1098 1179 1137 ao
1193 1062 1289 1140 decem
1305 1076 1368 1140 lere

266 1200 354 1242 annos
370 1173 537 1263 persolutari
551 1186 606 1236 tam
621 1174 766 1239 ambitioso
780 1174 897 1262 viderit,
919 1186 954 1239 nt
965 1185 1047 1239 aucto
1061 1174 1213 1241 honoribus
1228 1201 1262 1240 ac
1274 1177 1367 1265 tigni·

170 1278 193 1332 P
210 1274 251 1333 nt
268 1280 368 1344 tatibus
382 1277 435 1361 (uti
449 1275 539 1339 statim
554 1275 689 1357 dicemus)
703 1278 823 1353 tlntorc,
853 1276 945 1341 eidem
958 1299 1093 1341 novorum
1107 1278 1144 1341 de
1157 1278 1212 1342 sois
1226 1279 1368 1343 Aedificiis

268 1380 463 1445 credendorum
479 1372 611 1443 librorum
637 1402 728 1445 curam
750 1379 929 1445 demandarit.
972 1380 1001 1444 ln
1015 1400 1051 1442 oa
1075 1378 1159 1466 igitur
1185 1394 1241 1444 tam
1261 1380 1369 1467 prolixa

267 1482 384 1549 historia
409 1482 482 1545 adeo
496 1478 605 1556 sobrie,
632 1502 668 1545 ne
693 1482 783 1546 dicam
805 1482 912 1558 ieiune,
934 1480 1074 1545 lastiniani
1099 1482 1195 1545 laudes
1219 1482 1369 1567 Procopius

269 1583 418 1659 delibavit;
443 1594 539 1647 contra
553 1604 620 1647 vero
641 1595 697 1647 tam
716 1584 830 1670 eopiosa
847 1582 948 1670 sparsit
967 1582 1089 1648 eiusdem
1109 1583 1215 1647 semina
1232 1584 1369 1669 vitupera·

268 1690 388 1763 tionum,
423 1697 452 1749 ut
471 1705 562 1770 oeque
587 1683 626 1747 ibi
649 1707 701 1770 per
723 1686 923 1765 adulationem,
953 1710 1045 1775 noque
1068 1685 1115 1751 hie
1137 1708 1190 1771 per
1210 1685 1371 1751 calumniam

220 1818 222 1823 ’
270 1790 368 1879 egisse
383 1787 535 1875 posteritati
556 1786 645 1852 sideri
666 1788 765 1874 possim
789 1786 844 1852 imo
864 1790 946 1853 tidem
960 1791 1107 1856 uniuersae
1132 1787 1264 1853 historiae
1279 1809 1314 1851 ea
1330 1786 1370 1849 di·

270 1894 353 1958 oendi
365 1892 496 1956 libertate
512 1889 693 1968 conciliasse,
715 1913 797 1979 quarn
820 1913 870 1956 suo
889 1890 1051 1968 lastinianus
1070 1889 1206 1977 sullragio
1225 1903 1253 1954 ot
1268 1888 1369 1954 autori·

270 2008 328 2063 tate
346 1992 540 2083 probauerit‘
659 2032 664 2042 ·
719 2027 724 2041 ·

355 2132 472 2205 Lector,
497 2127 522 2193 si
536 2150 637 2206 sacas,
662 2129 735 2195 hunc
753 2143 921 2217 postremum
941 2154 1002 2196 enm
1023 2121 1136 2218 reliquis
1153 2126 1292 2193 committo
1302 2127 1369 2191 Pro·

230 2310 231 2313 Ἴ
269 2231 344 2318 eopii
358 2230 451 2307 libris,
479 2230 617 2318 pluraque:
632 2222 806 2320 et‘grariora
824 2258 904 2321 quam
919 2233 965 2296 hic
984 2232 1139 2296 habeantur
1158 2229 1297 2295 lastiniani
1318 2228 1369 2292 eri·

270 2335 344 2401 ruina
358 2334 452 2398 inillis
467 2333 606 2411 invenies,
631 2335 764 2421 pleraque
787 2336 869 2399 etiam
889 2332 973 2397 esim
997 2347 1027 2399 et
1047 2333 1154 2398 maiore
1175 2345 1309 2419 apparatu
1323 2353 1370 2395 ex·

269 2436 387 2523 plicato3
413 2434 616 2509 crudelitatem,
641 2434 800 2513 avaritiam,
830 2435 940 2501 inhdum
955 2436 1073 2501 animum
1093 2434 1122 2501 in
1136 2436 1249 2511 amicos,
1279 2435 1371 2498 datam

270 2538 395 2603 hostibus
410 2536 502 2612 tidem,
528 2557 563 2599 ae
577 2533 723 2611 uiolatam,
738 2536 775 2601 ‘in
790 2538 894 2623 probos
910 2538 1011 2613 odium,
1040 2560 1163 2602 amorem
1179 2537 1207 2601 in
1222 2537 1371 2623 improbos,

271 2639 313 2704 ius
327 2640 472 2703 humanum
486 2650 568 2725 atque
583 2636 717 2713 diuinum,
739 2639 859 2727 denique
872 2640 963 2704 omnia
984 2640 1020 2703 ad
1032 2640 1202 2704 Theodorus
1219 2638 1370 2725 imperium,

270 2756 354 2828 atque
379 2742 521 2805 libidinem
546 2752 713 2825 temperata:
743 2738 815 2803 haee
829 2739 858 2804 in
881 2740 935 2805 illis
949 2740 1027 2805 libris
1051 2742 1150 2828 raptim
1169 2742 1291 2805 indicare
1317 2762 1373 2802 non

269 2845 359 2931 piget.
402 2845 531 2908 loannem
555 2842 752 2927 Cappadocem
780 2840 954 2906 Praefectum
981 2843 1141 2919 Praetorio,
1170 2864 1190 2905 a
1218 2839 1372 2903 Theodora

268 2947 392 3032 privatas
415 2944 526 3009 iniurias
555 2953 739 3029 persequente
759 2938 830 3016 laiso
851 2943 1053 3026 perduellionis,
1071 2957 1226 3009 accusatum
1250 2940 1373 3005 liberare

237 3053 238 3058 ’
269 3046 429 3113 lustinianus
447 3069 502 3109 non
517 3046 615 3122 audet,
641 3041 783 3108 submissis
800 3064 869 3106 vero
890 3045 962 3107 clam
982 3044 1087 3110 nunciis
1109 3047 1147 3111 dc
1167 3046 1313 3133 Augustae
1333 3043 1372 3107 in·

270 3150 348 3213 sidiis
371 3148 519 3212 certiorem
544 3148 624 3211 lacit:
656 3147 769 3210 tandem
797 3159 915 3233 urgente
941 3148 1061 3212 loemina
1089 3148 1229 3212 hominem
1249 3146 1372 3222 crimine,

232 3258 234 3265 ’
272 3252 347 3317 cuius
363 3252 472 3337 quidem
487 3250 710 3325 insimulabatur,
734 3272 864 3324 vacuum,
888 3248 942 3312 sibi
967 3272 1035 3315 sero
1062 3250 1143 3315 unice
1162 3265 1271 3337 gratum
1292 3262 1374 3335 atque

272 3354 465 3419 amicissimum
487 3353 588 3428 exilio,
618 3365 647 3417 et
673 3350 809 3416 bonorum
832 3350 1034 3437 proscriptione
1057 3351 1180 3428 damnat3
1211 3353 1249 3417 ab
1276 3352 1372 3426 exilio,

273 3456 327 3521 nisi
342 3455 460 3518 extincta
481 3454 648 3531 Theodora,
682 3454 817 3518 insontem
840 3474 975 3517 revocare
1000 3476 1056 3517 non
1078 3476 1168 3520 ansus.
1211 3455 1281 3518 luita
1303 3473 1375 3539 pace

274 3580 335 3621 cunr
349 3556 491 3633 Chosroe,
519 3557 740 3631 hlamundarum‚
756 3568 785 3618 et
801 3553 914 3621 llunnos
931 3554 968 3617 ad
981 3556 1083 3621 bellum
1097 3556 1190 3622 Persis
1203 3555 1375 3619 inserendum

273 3680 326 3743 spo
340 3672 368 3723 et
384 3658 473 3745 pretio
493 3660 625 3737 solicitat,
647 3660 730 3747 idque
754 3657 785 3721 in
808 3678 925 3743 marem
940 3658 1051 3743 imperii
1067 3657 1185 3724 Romani
1212 3654 1373 3743 pernicicm.

273 3760 392 3825 Militem
407 3782 459 3846 per
471 3762 555 3841 urbes
570 3761 780 3849 praesidiarium
791 3757 903 3845 negatis
917 3758 963 3823 diu
981 3759 1124 3846 stipendiis
1138 3762 1174 3823 ad
1190 3760 1374 3825 delectionem

275 3862 399 3948 impellit.
444 3863 693 3931 Praeterurbanos
707 3887 741 3951 ac
755 3861 939 3938 domesticos,
969 3863 1107 3927 incastris
1129 3866 1199 3928 duos
1220 3862 1316 3927 habuit
1334 3861 1372 3923 in·

271 3965 370 4051 signes
384 3986 451 4030 suae
474 3968 608 4033 avaritiae
622 3967 774 4040 ministros,
798 3964 929 4028 loannem
949 3966 1133 4045 Quaestorem
1154 3966 1306 4040 exereitus,
1328 3961 1373 4047 qui

272 4080 301 4132 ut
326 4066 475 4153 sumptibus
494 4083 625 4155 parceret
648 4066 840 4153 imperatoris,
868 4088 942 4150 pane
964 4068 1078 4131 sordido
1106 4069 1248 4156 ingentem
1261 4065 1374 4130 militum

272 4170 470 4237 multitudinem
488 4171 599 4258 impuno
613 4170 735 4243 necavit;
758 4182 787 4257 et
801 4170 988 4233 Alexandrum
1008 4170 1190 4247 Forlicnlam,
1215 4171 1289 4234 cuius
1307 4167 1373 4229 odio

274 4273 376 4336 milites
396 4282 455 4337 rem
472 4274 508 4337 do
527 4273 659 4348 industria
679 4272 753 4337 malo
771 4290 875 4359 gerere
898 4270 926 4335 in
948 4274 1027 4338 ltalia
1048 4273 1215 4362 pergebant.
1257 4271 1374 4355 Propter

275 4375 419 4441 avaritiam
446 4375 621 4465 Logotbetas
642 4376 746 4441 ibidem
771 4372 898 4450 instituit;
938 4387 966 4439 et
989 4377 1095 4443 Rornae
1121 4394 1218 4440 omues
1241 4372 1375 4438 honorum
