3125 4959
242 397 319 474 tes
441 437 443 440 -
529 355 532 358 ’
592 400 637 470 iu
661 400 772 469 ntsr.
796 399 993 469 mainan

241 562 387 626 historiae
410 573 527 646 partein
541 563 751 624 illustrandam
771 566 1013 645 operaepretium
1028 561 1185 624 duximus.
1232 561 1354 641 Cogno-

241 654 288 714 rit
309 654 494 712 Marcianus
517 649 629 729 quihus
660 652 694 708 in
726 654 832 709 causis
860 663 995 709 uteretur
1011 653 1168 731 principie
1192 659 1355 728 potestate,

241 749 270 796 et
292 740 327 795 in
348 733 459 814 quilius
480 734 624 795 exhiberet
645 732 850 796 obedientiam
874 735 1014 815 Christo,
1042 746 1070 795 et
1089 736 1158 796 ideo
1178 755 1216 793 ne
1237 736 1354 812 impius

241 832 339 900 atque
359 819 528 898 sacrilegus
543 818 702 896 videretur,
722 831 793 898 post
813 819 1007 880 sacerdotum
1022 823 1201 881 sententiam
1215 820 1354 896 opinioni

242 927 322 965 suae
342 905 424 964 nileil
441 905 575 983 reliquit.
619 909 659 965 tit
680 909 793 964 statim.
841 905 887 966 Ob
905 906 964 965 Ιιοο
977 910 1083 987 itaque
1103 911 1153 966 cir
1173 916 1353 982 temperans,

243 1002 273 1050 et
293 1012 351 1049 suo
372 1001 527 1048 comentur
547 991 651 1069 officio
673 993 951 1050 ecclesiasticorum
972 1012 1124 1051 canonum
1137 1001 1276 1049 executor
1293 1009 1354 1046 esse

243 1077 359 1148 coluit,
387 1096 449 1132 non
476 1073 632 1150 conditor,
659 1097 720 1135 non
744 1087 879 1136 exactor.
921 1075 1039 1135 Deinde
1068 1077 1176 1135 adlatis
1203 1075 1353 1152 exemplis

245 1162 324 1238 regis
345 1161 452 1233 Ozias,
482 1159 621 1236 bathan,
642 1162 777 1236 Abii-ou,
800 1163 897 1234 Ozoa,
928 1173 958 1221 et
980 1163 1110 1220 aliorum
1130 1163 1183 1242 qui
1207 1181 1240 1217 se
1262 1161 1354 1217 sacris

243 1244 386 1304 audacter
406 1247 613 1324 ingesserunt:
635 1248 700 1305 His
722 1257 835 1322 autem,
855 1249 914 1321 ait,
938 1259 1032 1326 atque
1051 1243 1234 1305 huiuamodi
1254 1246 1355 1302 ratio·

241 1331 335 1390 tribus
356 1341 383 1387 et
401 1332 543 1408 exemplis
555 1332 722 1411 Augustae
742 1334 905 1390 memoriae
919 1333 1116 1390 Marcianum
1138 1333 1356 1389 commonitum

240 1427 270 1474 et
293 1413 433 1474 edoctum
445 1416 551 1494 juisse
572 1415 717 1476 credibile
737 1427 800 1494 est,¹
829 1438 867 1475 ne
887 1420 1010 1496 imperii
1035 1417 1095 1476 sibi
1124 1417 1280 1474 commissi
1301 1413 1355 1472 de·

241 1521 342 1559 corem
364 1499 457 1556 alierri
479 1503 577 1579 officii
598 1505 799 1581 usurpatione
812 1499 967 1581 flredaret.
1014 1500 1108 1580 Quod
1126 1504 1156 1560 si
1180 1505 1273 1560 etiam
1294 1503 1355 1557 mi-

240 1607 303 1646 nus
332 1585 400 1642 eius
429 1586 533 1642 animo
562 1599 642 1664 quae
672 1590 907 1644 memoravimus
934 1598 1151 1661 occurrerunt,
1187 1585 1356 1644 modestum

240 1672 346 1730 virum
372 1689 432 1726 sua
454 1671 571 1748 procul
598 1668 693 1729 dubio
716 1671 800 1728 ratio
829 1671 1024 1747 temperavit,
1057 1691 1122 1749 qua
1150 1692 1236 1728 nosse
1254 1670 1357 1748 facile

233 1765 361 1837 poterat
386 1752 506 1836 Christi
531 1754 629 1812 solius
656 1775 719 1812 esse
746 1775 874 1834 regnum
903 1775 974 1812 cum
995 1753 1164 1812 sacerdotio
1186 1755 1282 1812 simul
1298 1753 1359 1811 lra-

241 1841 324 1911 tere,
352 1849 380 1896 et
402 1860 480 1918 quur
495 1841 629 1918 propria
648 1851 722 1897 sunt
742 1838 909 1898 sacerdotii
928 1840 1054 1917 regibus
1076 1837 1278 1898 interdixisse.
1319 1840 1359 1896 Et

241 1927 322 1984 inim
351 1924 465 2002 profert
495 1926 673 2004 exernplurn
694 1927 805 1983 Leonis
834 1926 1035 2008 imperatoris.
1080 1923 1218 2002 Idcirco,
1248 1927 1358 2002 inquit,

236 2013 315 2091 piae
345 2010 507 2067 memoriae
533 2011 595 2067 Leo
623 2009 757 2096 quietem
780 2031 841 2066 non
871 2003 1068 2068 conturbavit
1096 2011 1252 2082 ecclesiae,
1280 2011 1359 2088 quia

242 2117 307 2154 nou
328 2115 393 2154 sito.
409 2093 540 2150 ‹rr-'turio
562 2115 601 2150 ac
623 2103 776 2172 potestate
799 2095 1012 2172 praesumpsit
1032 2093 1189 2152 doctrinae
1210 2096 1358 2152 Domini·

242 2201 298 2240 cae
312 2177 433 2237 decreta
451 2189 595 2252 statuere,
617 2175 859 2258 necquidquam
879 2178 957 2237 solis
978 2177 1127 2237 creditum
1147 2177 1358 2237 sacerdotibus

243 2265 418 2343 usurpavit.
465 2265 568 2342 Neque
590 2263 688 2322 solum
709 2285 771 2322 non
793 2274 976 2344 extorquere,
997 2263 1054 2322 sed
1076 2285 1131 2323 nec
1147 2267 1271 2342 praeire
1291 2276 1358 2323 ten·

241 2353 324 2410 tavit
345 2352 528 2407 sententiam
541 2347 744 2412 sacerdotum.
788 2351 829 2407 Et
849 2351 942 2429 paulo
960 2362 1030 2429 post
1050 2352 1092 2408 ita
1115 2347 1279 2408 concludit.
1323 2352 1358 2408 Si

243 2438 317 2517 quis
340 2456 410 2512 crgo
431 2433 544 2492 irarum
560 2435 771 2514 periculorum
787 2438 932 2511 nescius,
954 2457 1025 2494 cum
1045 2433 1146 2494 rideri
1166 2433 1276 2494 doctus
1299 2457 1357 2513 op-

238 2523 319 2601 petit
342 2523 512 2598 importune
540 2541 579 2577 ac
606 2520 696 2578 niella
726 2519 865 2578 utilitate
891 2519 1040 2579 suadente
1066 2525 1243 2600 spontaneis
1264 2541 1358 2600 quae-

242 2603 399 2664 stionibus
421 2606 576 2662 ecclesiam
599 2605 721 2678 turbat,
748 2604 883 2664 hicnon
905 2605 1101 2684 dispensator
1114 2607 1268 2683 familiae
1288 2608 1358 2664 Do-

241 2693 386 2762 minicae‚
407 2689 464 2748 sed
477 2689 646 2770 dissipator
660 2701 712 2768 est,
735 2701 763 2748 et
778 2694 993 2768 mysteriorum
1008 2690 1057 2750 dei
1073 2689 1234 2770 dispersor.
1267 2687 1361 2769 Quod
1424 2755 1428 2761 ,

241 2778 294 2835 ilii
311 2777 468 2855 principes
490 2777 744 2852 essetimuerunt,
766 2775 934 2834 etidcirco
957 2799 1017 2836 non
1037 2787 1162 2834 tanturn
1181 2779 1261 2855 quia
1281 2778 1359 2835 eires

242 2882 349 2920 eorum
376 2861 546 2940 superabat
572 2863 653 2919 tanti
673 2862 790 2938 negotii
810 2859 1013 2941 magnitud03
1041 2883 1149 2920 verum
1171 2864 1265 2916 etiam
1286 2861 1360 2938 quia

243 2968 306 3005 non
337 2958 532 3026 acceperant,
563 2967 625 3005 non
653 2945 716 3005 sthi
745 2960 978 3028 assumpserunt
1004 2948 1101 3004 leuius
1122 2944 1359 3023 dispensationis

243 3032 394 3110 offcium

330 3120 365 3174 Ρ.
390 3119 448 3190 83,
478 3117 508 3178 5.
563 3117 648 3175 Male
634 3125 769 3193 sparta
797 3115 932 3173 aliorum
962 3115 1043 3174 hona
1070 3115 1191 3194 templis
1218 3112 1358 3220 addixit]

243 3203 356 3276 Evagr.
379 3201 402 3256 l.
421 3200 442 3261 4
471 3221 497 3257 ο.
521 3203 562 3264 29
592 3203 720 3258 narratis
747 3201 908 3259 Iustiniani
935 3203 1046 3280 rapinis
1071 3200 1184 3260 subdit
1229 3194 1360 3278 α’φειδης

245 3279 281 3346 di
303 3277 468 3388 papirus
495 3277 632 3364 ὑπῆρχεν
660 3279 736 3347 ὥστε
762 3287 877 3365 πρᾶξαί
897 3308 928 3347 τε
955 3284 1031 3348 tna
1055 3288 1149 3389 popio
1177 3278 1361 3385 adordinati

244 3371 315 3452 dep
340 3363 514 3475 ἀρέσκοντα,
537 3369 619 3450 εἴπερ
641 3368 673 3444 ἐξ
695 3369 816 3432 οἰκείων
838 3372 937 3454 δρῷεν
958 3373 991 3435 oi
1010 3369 1128 3433 scitor
1149 3364 1289 3452 Ippiter,
1311 3367 1362 3431 sui

245 3429 389 3533 scirpis
409 3449 464 3527 τοὶς
484 3458 573 3532 σφοῖν
591 3447 715 3535 πράξεις
737 3462 958 3538 καρποφορεῖν.
1000 3459 1081 3516 Erat
1095 3467 1122 3514 et
1135 3451 1290 3532 prodigus
1304 3456 1361 3530 ita,

164 3618 166 3621 Ι
244 3549 281 3598 ut
302 3539 370 3598 alia
391 3539 517 3617 infinita
539 3550 731 3618 exequeretur
752 3561 861 3619 opera,
891 3563 966 3600 sanc
980 3546 1059 3620 pia,
1091 3539 1207 3616 deoque
1227 3551 1361 3638 accepta,

244 3627 275 3682 si
296 3621 387 3682 modo
403 3624 534 3702 vetustte,
555 3625 606 3683 cei
625 3625 685 3681 alii
699 3627 753 3703 qui
773 3626 856 3684 talia
876 3628 1057 3699 moliuntur,
1079 3623 1118 3682 de
1137 3627 1206 3681 suis
1224 3627 1363 3704 ipsorum

244 3710 335 3768 bonis
363 3708 528 3787 efficienda
549 3720 710 3783 curarent,
738 3730 876 3790 suasque
896 3715 1034 3770 actiones
1054 3730 1173 3768 uacuas
1193 3730 1215 3768 a
1241 3713 1362 3770 sceleris

245 3793 331 3867 labe,
353 3805 508 3872 tanquam
529 3793 651 3852 hostias
673 3752 728 3853 dio
750 3796 901 3894 offerrent.

332 3881 367 3938 Ρ.
386 3879 438 3952 84,
461 3878 561 3942 3.I
538 3877 626 3937 Illud
645 3883 738 3938 etiam
751 3883 920 3960 pugnavit,
942 3890 978 3937 ut
999 3881 1034 3937 in
1053 3899 1148 3938 unam
1167 3901 1270 3938 omnes
1290 3900 1362 3938 con-

246 3966 381 4022 venirent
403 3963 441 4023 de
465 3964 589 4026 Cleristo
613 3969 802 4044 sententiam]
832 3966 967 4023 Etiam
956 3985 989 4021 ιιι
1010 3963 1082 4024 hist.
1105 3965 1143 4024 de
1164 3964 1237 4023 bell.
1257 3964 1361 4024 Gouh.

155 4057 233 4115 Ate
250 4061 339 4128 aegre
368 4051 447 4109 ferre
475 4048 597 4130 videtur
623 4052 788 4130 Procopius
817 4070 886 4110 eam
913 4051 1097 4129 legationem
1125 4070 1186 4131 qua
1213 4053 1361 4130 Hypatius

138 4145 161 4195 V
178 4145 232 4202 366
248 4134 433 4215 Ephesinus,
458 4147 488 4196 et
510 4137 682 4196 Darnetrius
702 4135 999 4218 Philippopolitauus
1020 4135 1079 4194 hac
1100 4155 1193 4214 super
1213 4156 1246 4194 re
1267 4137 1362 4194 functi

247 4231 320 4281 sunt
342 4219 424 4302 apud
445 4223 617 4280 Romanum
634 4223 819 4301 pontificem.
864 4224 926 4280 llas
948 4220 1065 4280 deiide
1087 4222 1279 4300 quaestiones
1301 4241 1362 4280 ison

246 4307 350 4367 solum
378 4307 502 4367 inutiles
526 4327 611 4379 esse,
640 4327 746 4366 verum
773 4310 867 4367 etiam
896 4307 1034 4385 publicae
1057 4309 1152 4386 quieti
1173 4326 1233 4364 non
1255 4325 1361 4385 parom

247 4394 368 4453 ollioere
388 4395 557 4473 Procopius
585 4393 782 4453 existimavit.
827 4395 873 4452 De
896 4391 954 4452 huo
976 4395 1041 4453 eius
1063 4390 1192 4453 absurda
1214 4394 1361 4452 sententia
