3125 4959
597 419 744 490 NOTAE
767 419 994 492 atansnm.
1271 421 1346 496 355

327 585 364 644 Ρ.
375 585 426 660 80,
436 585 469 650 8·
510 583 620 645 Morbo
635 581 825 666 difficillimo
846 580 1024 666 laborabat]
1044 585 1107 648 ‘coir
1122 581 1249 650 attotam
1266 580 1349 670 crispi

242 664 386 751 corripior
412 663 556 749 ἐχόντων,
586 669 640 734 καὶ
668 674 723 750 τῆς
742 664 875 744 κύστεως
901 670 982 735 distr
1008 674 1129 756 χαλεπῷ
1150 671 1350 746 suentisium.

243 757 356 834 Nempe
371 753 529 832 pudendis
549 758 628 816 vitio
649 755 784 837 effectio,
803 765 832 814 et
849 759 987 835 graviter
1007 756 1147 814 ulcerato
1168 759 1289 817 vesica:
1309 757 1351 813 ita

240 837 459 919 Metaphrastes
479 844 512 899 in
535 843 597 900 vita
618 843 715 900 sancti
734 841 912 920 sampsonis
932 841 1051 922 patricii
1070 844 1219 916 Romani,
1250 861 1267 900 a
1290 859 1350 920 quo

240 923 339 982 adhuc
369 927 438 984 vivo
466 926 592 985 mirifice
613 927 796 986 lastinianus
817 936 940 988 sanatus
970 935 1026 986 est.
1070 927 1174 1004 Longe
1196 927 1351 1006 antiquio-

238 1028 304 1067 rem
324 1012 490 1071 Iustiniano
511 1012 711 1092 Sampsonem
732 1009 828 1070 credit
853 1009 1017 1076 cardinalis
1038 1011 1185 1070 Baronius
1213 1013 1246 1069 in
1269 1013 1351 1069 notis

237 1091 279 1151 ad
301 1106 427 1174 martyr.
451 1106 481 1155 et
502 1097 643 1155 vacillare
664 1094 757 1154 fidem
776 1097 860 1155 illius
881 1093 1028 1162 historias
1055 1107 1159 1177 putat,
1191 1114 1270 1175 quae
1291 1093 1351 1153 ha-

236 1178 309 1238 beat
328 1184 541 1240 Nosooomium
563 1183 737 1260 sampsonis
759 1179 868 1240 eodem
887 1191 1031 1260 rogante,
1054 1201 1072 1240 a
1094 1183 1259 1240 lustiuinno
1282 1201 1352 1238 ere-

238 1275 343 1340 ctum;
366 1285 436 1324 omn
452 1269 614 1347 Procopius
636 1265 716 1325 dicat
737 1277 948 1341 restauratum,
971 1262 1053 1346 quod
1074 1268 1142 1326 iam·
1159 1276 1245 1324 antea
1266 1263 1352 1322 idem

237 1350 388 1430 Sampson
422 1351 657 1411 exaedificasset.
701 1351 814 1411 Verum
846 1349 923 1411 adeo
958 1354 1105 1430 exiguum
1136 1351 1194 1410 fuit
1219 1353 1352 1431 primum

236 1434 318 1494 illud
337 1437 512 1518 Sampsonis
534 1436 725 1512 aedilicium,
747 1446 812 1495 tam
833 1437 951 1496 illustre
972 1455 1061 1511 vero,
1083 1439 1208 1518 taiuque
1229 1437 1350 1513 magni-

236 1520 329 1578 ficum
355 1522 393 1578 ab
421 1525 587 1582 lustirriano
614 1522 749 1596 factum,
781 1523 893 1602 utqui
919 1523 1070 1600 integram
1098 1525 1349 1582 constructionem
1368 1520 1426 1576 19

235 1608 403 1664 Iustiniana
430 1606 574 1666 adscribit
602 1606 821 1686 Metephrastes
848 1603 926 1664 nihil
955 1607 1074 1664 veritati
1104 1605 1271 1664 detraxisse
1300 1607 1351 1663 vi-

236 1688 302 1748 deri
331 1693 439 1770 possit.
493 1691 581 1765 Quod
613 1691 697 1752 addit
729 1691 767 1748 de
800 1691 1032 1768 conflagratione
1071 1691 1136 1748 eius
1166 1692 1348 1765 Nosocomii,

215 1785 328 1855 ¹qnam
358 1787 425 1836 tum
445 1779 613 1857 ,contigisse
642 1777 820 1850 arbitratur,
853 1794 923 1834 cum
953 1774 1009 1832 sub
1037 1776 1198 1834 Anastasio
1228 1785 1349 1833 sanctae

233 1858 367 1941 Sophiae
395 1863 544 1941 templum
576 1871 718 1920 exustum
743 1861 821 1935 fuit,
854 1861 972 1918 clarum
999 1868 1045 1918 est
1069 1861 1104 1916 in
1124 1857 1259 1918 historiis
1286 1879 1351 1925 non

232 1948 329 2004 semel
365 1943 444 2004 illud
471 1947 622 2026 templum
658 1944 809 2004 incendiis
842 1945 1010 2003 obnoxium
1039 1944 1152 2018 fuisse;
1190 1947 1351 2008 iustiniani

232 2049 303 2088 vero
325 2049 404 2089 anno
426 2033 532 2111 quinto
553 2027 632 2090 illud
653 2032 868 2090 Nosocomium
889 2033 1047 2088 incensum
1065 2049 1148 2102 esse,
1171 2028 1254 2087 idem
1272 2032 1351 2088 Pro-

231 2117 335 2194 copius
365 2116 457 2174 refert
486 2117 510 2174 l.
535 2120 552 2178 1
578 2113 671 2175 aedif.
701 2126 732 2174 et
760 2119 775 2180 1
807 2115 880 2172 bell.
907 2117 990 2173 Pers.
1022 2125 1052 2172 et
1080 2111 1287 2194 Theophanes
1308 2113 1351 2172 ad

230 2218 347 2259 annum
375 2203 518 2282 quintum
540 2202 710 2260 iustiniani.
752 2201 892 2259 Fortasse
920 2201 1043 2260 maioris
1071 2201 1220 2258 momenti
1249 2200 1288 2258 sit
1314 2201 1349 2258 in

126 2349 129 2353 ,
229 2282 289 2343 hac
316 2305 367 2360 re,
396 2285 479 2366 quod
504 2289 669 2366 Pmcopius
697 2284 735 2344 de
765 2285 943 2366 sampsonis
971 2293 1070 2342 aetate
1098 2287 1161 2354 ait:
1192 2275 1272 2365 α’νήρ
1302 2307 1348 2358 τις

228 2367 383 2452 θεοσεβὴς
409 2372 444 2434 ἐν
470 2377 535 2447 τοῖς
563 2368 629 2434 it'rn
656 2364 774 2454 χρὸνοις
798 2366 942 2450 Σαμψών
973 2365 1080 2450 ὄνομα.
1127 2369 1186 2430 Vir
1216 2366 1349 2449 paridam

223 2458 322 2535 pino,
348 2457 405 2534 qui
424 2457 631 2536 superioribus
651 2459 744 2516 annis
759 2455 882 2535 floruit.
924 2459 966 2515 At
986 2453 1045 2514 hoc
1068 2455 1161 2514 etiam
1181 2453 1261 2513 nihil
1283 2465 1347 2530 est3

229 2559 303 2597 nam
325 2542 490 2620 Procopius
512 2544 625 2600 libmm
645 2543 735 2600 illum
760 2539 799 2600 do
821 2539 965 2600 aedificiis
986 2541 1040 2599 ubi
1067 2537 1128 2600 hoc
1148 2538 1258 2616 habet,
1290 2559 1348 2598 ex-

228 2632 326 2682 tremo
345 2627 504 2684 Iustiniani
524 2629 653 2705 imperio
674 2628 812 2705 scripsit,
834 2645 946 2704 nempe
964 2645 1022 2685 sex
1043 2636 1073 2682 et
1094 2628 1233 2703 trigInta,
1255 2635 1348 2704 atque

228 2710 361 2788 amplius
389 2729 485 2769 annos
511 2721 581 2790 post
605 2721 737 2768 mortem
758 2710 946 2787 Sampsouis.
991 2708 1120 2786 Vigebat
1142 2720 1246 2767 tamen
1268 2708 1346 2769 adeo

229 2796 299 2852 eius
315 2797 480 2869 memoria,
503 2806 539 2854 ut
559 2797 744 2854 lustiuiauus
770 2793 893 2852 novella
914 2793 956 2858 59
979 2795 1092 2871 ett131
1116 2793 1169 2851 ubi
1192 2790 1230 2860 de
1252 2793 1345 2852 Sam-

228 2898 324 2959 psone
352 2879 505 2959 loquitur,
535 2877 555 2942 d
579 2884 636 2958 τῆς
661 2878 746 2952 ὁσίας
775 2875 899 2958 μνήμης
920 2872 1064 2956 Σαμψών
1091 2874 1186 2951 dicat,
1216 2889 1344 2936 sanctae

227 2966 392 3024 memoriae
408 2965 570 3044 Sampson.
612 2963 700 3036 Quod
722 2961 846 3043 (obiter)
868 2981 937 3020 cum
964 2963 998 3020 iu
1019 2961 1152 3043 antiquis
1172 2964 1344 3021 manuscri-

226 3053 299 3129 ptis,
321 3051 430 3108 litteris
451 3050 654 3128 singularibus
677 3050 708 3112 S.
725 3052 776 3108 M.
797 3057 937 3107 notatum
958 3058 1047 3121 esset,
1068 3048 1149 3106 male
1171 3049 1204 3104 iu
1224 3049 1343 3107 Latinis

227 3134 412 3193 editionibus
425 3137 538 3194 novell.
556 3139 614 3200 181
631 3144 803 3213 exceptum,
823 3145 950 3192 sanctae
963 3133 1087 3205 Mariae
1104 3133 1213 3196 Sanco.
1256 3129 1344 3206 Quod

226 3231 329 3278 autem
340 3221 374 3277 in
388 3217 594 3298 Metaphraste
607 3216 819 3297 corrigendum
840 3219 931 3298 plane
954 3237 1072 3292 censeo,
1094 3229 1141 3278 est
1162 3219 1237 3278 ratio
1259 3228 1341 3276 tem·
1358 3215 1449 3275 vett

225 3307 310 3385 poris
339 3305 419 3362 vitae
446 3305 642 3382 sampsonis,
675 3314 706 3362 et
735 3323 885 3361 emiorum
913 3305 1035 3382 imperii
1054 3305 1236 3363 iustiniani:
1268 3323 1341 3362 nam

225 3390 369 3450 Antistite
390 3390 497 3463 blena,
520 3389 722 3466 Sampsouem
743 3389 939 3468 superfuisse,
960 3386 1045 3446 haud
1066 3389 1144 3447 bene
1164 3387 1342 3470 Metaphra·

225 3485 287 3534 stes
308 3485 424 3549 narrat,
455 3493 524 3533 cum
545 3485 616 3532 ante
636 3475 828 3532 consulatum
849 3475 987 3532 belisarii
1008 3474 1134 3549 obiisse,
1163 3493 1204 3531 ex
1225 3473 1339 3532 novell.

224 3563 267 3625 59
288 3562 447 3641 perspicue
468 3568 593 3618 constet.
636 3561 731 3618 Porro
754 3558 892 3618 eiusdem
917 3559 1059 3618 novellae
1082 3560 1262 3639 publicatio,
1291 3569 1341 3615 at-

225 3663 286 3724 que
303 3648 411 3704 electio
425 3648 543 3719 hienae,
564 3644 629 3702 fere
647 3646 681 3702 in
702 3643 787 3703 idem
809 3654 929 3726 tempus
950 3643 1107 3719 incidunt3
1129 3663 1238 3722 nempe
1260 3643 1340 3700 circa

225 3747 341 3788 annum
362 3732 522 3791 Iustiniani
541 3728 755 3788 undecimum:
781 3739 905 3789 atvero
927 3740 997 3789 ante
1019 3749 1134 3787 aunmn
1157 3729 1222 3786 eius
1246 3729 1340 3805 quin-

223 3823 308 3889 tum,
339 3827 496 3875 mortuum
523 3816 726 3894 Sampsouern
751 3815 862 3890 fuisse,
892 3835 984 3874 nemo
1012 3813 1137 3873 dubitet.
1180 3809 1229 3869 Ad
1255 3809 1340 3870 huuc

223 3900 376 3959 calculum
396 3899 566 3960 revocanda
587 3910 666 3975 sunt,
689 3920 769 3982 qnae
792 3900 830 3959 de
847 3899 987 3959 incendio
1007 3897 1177 3958 Nosocomii
1198 3914 1216 3954 a
1238 3897 1339 3955 Meta-

222 3983 347 4066 phraste
367 3999 538 4047 narrantur.
581 3987 627 4043 De
644 3987 712 4046 aliis
726 3988 886 4046 Iustiniani
900 3986 1018 4052 ¹morbis
1037 3984 1115 4040 iufra
1136 3980 1174 4038 ad
1196 4000 1267 4060 pag.
1283 3981 1338 4046 43.

308 4073 346 4130 P·
354 4075 406 4146 30,
416 4075 449 4135 9.
493 4076 607 4132 Petrus
627 4082 656 4130 et
670 4072 802 4132 Ioannes
816 4071 931 4150 Helue]
954 4069 1051 4128 Ambo
1065 4068 1097 4124 iu
1120 4069 1257 4125 exercitu
1274 4070 1339 4126 Ro-

223 4175 315 4214 mano
344 4157 419 4216 clari
448 4155 557 4232 duces3
587 4155 626 4215 de
656 4159 766 4239 quibus
794 4158 908 4236 passim
932 4154 1096 4232 Procopius
1124 4151 1156 4210 iu
1186 4153 1338 4231 prioribus

221 4240 319 4300 libris.
378 4243 487 4303 Helua
523 4246 636 4302 Graece
668 4253 715 4303 est
750 4239 867 4324 φυγάς,
903 4233 1013 4319 φᾶγων
1051 4235 1134 4316 apud
1160 4239 1337 4316 Vopiscum.

221 4325 404 4386 Huiusmodi
439 4332 657 4408 cognominum
692 4327 924 4409 significationes
953 4322 1025 4381 dare
1052 4324 1160 4382 Latine
1194 4327 1340 4402 praestat,

223 4430 316 4495 quam
343 4433 456 4474 sonum
476 4417 611 4476 Graecae
637 4417 721 4476 vocis
747 4413 869 4473 referre.
911 4408 1107 4470 Marcellinus
1132 4410 1167 4469 iu
1194 4406 1336 4482 cluonico
