3125 4959
279 417 355 494 428
626 418 674 488 ΙΝ
696 418 809 488 HIST.
832 419 1030 490 ARGANAM

403 587 531 666 Pople‘te
550 585 629 660 steca
649 595 753 661 tenus,
769 587 905 664 pretioso
929 583 1070 646 candida
1090 585 1197 646 limbo.

410 670 573 731 Caesareos
595 670 737 729 humeros
759 668 882 730 ardenti
903 675 1021 737 murice
1041 676 1116 732 texit

408 757 609 834 Circumfusa
630 755 785 834 chlamys,
807 757 901 814 rutilo
923 778 1005 836 quas
1025 769 1139 817 oruata
1159 757 1282 818 metallo

404 843 567 921 Principis
588 853 688 900 exerta
709 840 848 902 vincebat
869 842 991 902 lumina
1012 842 1130 916 dextra,
1198 873 1202 878 ·

402 925 509 985 Aurea
530 929 693 986 iuncturas
714 947 819 986 morsu
832 931 1035 1006 praestrinxit
1056 928 1179 988 adunco

400 1010 532 1088 Fibnla,
555 1022 583 1069 et
603 1033 626 1070 a
645 1014 775 1071 summis
792 1033 930 1092 gemmae
949 1015 1068 1072 nituere
1087 1017 1216 1093 catenis,

404 1097 549 1156 Gemmae
569 1118 649 1176 quas
672 1099 773 1158 Getici
790 1099 872 1172 felix
893 1101 1026 1157 victoria
1047 1099 1121 1157 belli

401 1181 572 1261 Praebuit,
593 1193 685 1261 atque
696 1183 815 1263 janeus
835 1181 970 1241 dominis
991 1184 1146 1243 Ravenna
1165 1182 1292 1260 revexit,

406 1267 555 1346 Quasque
576 1289 598 1326 a
622 1266 801 1336 Vandalica
819 1269 999 1326 Belisarr‘us
1018 1269 1129 1326 attulit
1148 1268 1238 1343 aula,

401 1353 502 1431 Signa
523 1353 750 1432 triumphorum
767 1355 822 1432 pie
843 1353 1016 1414 lusciniam
1036 1365 1170 1412 tuorum.

182 1437 205 1491 A
223 1438 258 1494 77
277 1434 389 1494 Verum
409 1438 442 1493 in
460 1440 617 1496 Iustiniani
638 1449 722 1497 reste
742 1440 845 1505 nescio
867 1438 942 1518 quid
962 1440 1115 1517 peculiare
1135 1438 1230 1496 fuisse
1250 1431 1383 1492 indicare
1478 1463 1480 1469 1

274 1521 438 1598 Procopius
459 1519 594 1594 videtur,
625 1521 708 1601 (laod
728 1522 778 1580 vel
800 1541 818 1578 o
838 1522 972 1580 barbaris
993 1532 1149 1581 mutuatus
1170 1525 1225 1594 sit,
1255 1520 1305 1578 vei
1326 1538 1383 1577 ex-

274 1607 411 1682 cogitauit
432 1607 497 1686 ipse
518 1608 714 1666 lastinianus.
758 1607 847 1664 cene
863 1599 1120 1682 Ἱουστινιᾶνειον,
1148 1605 1382 1678 Iusts'aianeum,

274 1688 453 1750 diadematis
486 1690 641 1771 quoddam
675 1710 775 1770 genus
803 1689 919 1750 dictum
946 1692 1042 1750 fuisse
1070 1692 1220 1769 Georgius
1250 1687 1384 1746 Codiuus

273 1786 319 1832 est
342 1786 438 1834 sertor.
483 1774 571 1848 Quod
597 1779 661 1835 eius
690 1777 837 1856 interpres
859 1774 1013 1849 ‹botorale
1040 1777 1134 1835 fuisse
1155 1775 1308 1853 capitium
1334 1771 1382 1829 di·

272 1863 374 1932 vinat,
405 1871 439 1919 ut
468 1881 558 1941 saepe
586 1863 620 1919 in
648 1881 684 1920 eo
712 1857 821 1920 libello
846 1860 982 1920 ‹lirinare
1011 1861 1102 1922 solet.
1143 1857 1228 1919 Cedo
1245 1860 1279 1917 in
1299 1867 1383 1916 reste

273 1946 465 2023 imperatoria
501 1945 714 2014 huiuscemodi
747 1948 850 2026 capitii
882 1948 1014 2006 formam
1043 1957 1073 2005 et
1106 1966 1207 2005 usum.
1258 1943 1382 2003 lacobus

273 2031 431 2090 Gretserus
458 2033 506 2090 vir
535 2031 640 2093 doctus
665 2034 818 2091 invenisse
849 2052 883 2091 se
912 2043 1013 2112 putat,
1048 2033 1224 2112 profertque
1254 2048 1381 2087 aeneum

271 2119 422 2190 nomisma
443 2119 602 2176 Iustiniani
624 2116 696 2176 huic
718 2114 810 2176 aureo
831 2138 957 2176 nummo
984 2119 1154 2196 persimile,
1183 2135 1277 2196 (ptem
1297 2117 1382 2194 priu-

270 2219 341 2278 ceps
373 2203 531 2283 utriusque
559 2204 682 2282 linguae
711 2202 873 2261 cardinalis
894 2204 1077 2262 Barberiuus
1106 2223 1147 2260 ex
1173 2221 1303 2260 musaeo,
1328 2219 1383 2257 suo

269 2288 386 2358 aureis,
418 2290 628 2370 argenteisque
651 2291 842 2346 nomismatis
867 2288 1065 2347 refertissimo
1087 2287 1163 2345 mihi
1187 2284 1290 2358 dedit,
1322 2287 1381 2342 cri-

268 2381 440 2451 stetemque
463 2374 566 2446 illam,
590 2393 683 2453 quam
704 2373 791 2433 vides
813 2374 934 2452 galeam
956 2372 1034 2450 [vid.
1057 2375 1108 2452 fig.
1131 2374 1189 2452 61,
1219 2375 1380 2430 iussimu-

267 2473 357 2514 nesu
388 2456 500 2516 dictum
528 2460 686 2517 Gretserus
719 2461 886 2518 existimat.
938 2462 1052 2518 Verum
1081 2470 1149 2516 ante
1180 2460 1379 2516 lastinianum

267 2539 476 2615 Theodosius,
507 2545 696 2618 Marcianus,
726 2545 807 2616 Leo,
837 2547 939 2616 Zeno,
968 2546 1163 2616 Anastasius,
1195 2554 1225 2599 et
1247 2543 1378 2598 lustinus

268 2623 594 2706 eurrdemnrssaucn'r,
624 2630 768 2700 nutam,
797 2630 830 2684 in
852 2630 940 2704 galea
963 2638 1136 2705 gestarunt,
1167 2629 1254 2685 utin
1275 2645 1380 2684 eorum

265 2711 458 2768 nomismatis
479 2721 620 2790 apparet3
644 2720 734 2792 atque
758 2712 812 2768 itia
834 2723 879 2769 est
896 2731 989 2792 (piram
1006 2712 1222 2794 τροπαιουχίαν
1242 2721 1379 2769 vocatam

265 2793 351 2854 idem
378 2794 512 2855 Codinus
542 2797 683 2854 afiiunat.
731 2795 849 2854 Deinde
883 2795 963 2855 iilud
989 2801 1210 2857 lastinianeum
1240 2795 1380 2854 diadema

266 2898 328 2938 non
351 2881 497 2938 bellicum
519 2892 571 2940 out
592 2893 742 2940 castrense
764 2883 840 2955 fuit,
862 2881 918 2940 sed
939 2885 1067 2956 civium,
1090 2894 1120 2941 et
1142 2903 1204 2959 quo
1223 2883 1256 2936 in
1278 2883 1378 2952 sacris,

266 2975 298 3023 et
325 2968 358 3023 in
386 2967 521 3025 ecclesiis
550 2967 701 3025 utebatur.
737 2969 843 3038 'Quare
865 2969 931 3023 eius
952 2967 1083 3023 soranam
1103 2965 1183 3022 hanc
1203 2964 1297 3022 fuisse
1318 2983 1379 3022 non

267 3047 392 3126 dubito,
416 3072 509 3132 qnam
530 3072 620 3110 nemo
643 3061 712 3107 ante
733 3052 935 3107 lastinianum
956 3069 1117 3129 usurpasse
1138 3047 1275 3122 videtur,
1297 3060 1326 3106 et
1348 3051 1379 3105 in

266 3139 360 3194 saonis
383 3147 414 3194 et
436 3137 511 3195 dum
534 3139 566 3192 in
588 3135 724 3192 ecclesiis·
743 3150 871 3192 munero
892 3137 1028 3193 Antistiti
1050 3134 1209 3206 offerebat,
1232 3155 1304 3192 omn
1325 3154 1379 3213 ge-

267 3230 361 3278 stasse
383 3217 458 3278 haec
480 3221 661 3285 exmusivo
683 3220 787 3278 tabula
808 3223 969 3278 Ravennae
991 3231 1127 3280 testatur.
1172 3219 1251 3298 [vid.
1274 3221 1326 3298 fig.
1348 3225 1378 3284 7.

162 3311 252 3366 Ρ146
270 3304 312 3383 8.]
356 3308 436 3363 Num
457 3303 584 3364 habitus
605 3307 743 3382 corporis
767 3303 882 3364 indicat
908 3307 1088 3386 capillitium
1110 3325 1128 3364 a
1148 3306 1248 3366 fronte
1271 3304 1379 3363 deton-

157 3381 251 3436 V³⁶⁸
267 3387 361 3448 ssimi
390 3393 590 3467 Venetorum,
615 3391 724 3472 quibus
744 3391 867 3449 favebat
886 3394 1087 3465 Iustiniauus,
1116 3393 1143 3450 is
1161 3403 1224 3450 erat
1247 3389 1377 3464 habitus,

173 3450 249 3508 3⁷⁸
267 3486 301 3533 ut
320 3494 410 3555 supra
431 3474 533 3535 docuit
548 3478 722 3555 Procopius.
765 3479 864 3548 Quare
884 3475 1048 3551 cedrenus,
1069 3473 1126 3556 τήν
1147 3473 1286 3556 κεφαλὴν
1307 3472 1378 3556 uois

264 3554 364 3641 κόμης
384 3553 495 3633 κᾶλλος
525 3557 632 3644 μικρὸν
660 3561 901 3640 incitassem,
928 3566 1028 3643 capite
1050 3560 1095 3620 ad
1115 3583 1218 3620 comae
1235 3562 1378 3640 pulchri-

265 3645 405 3705 tudinem
427 3647 572 3704 uouru'lu'l
587 3645 733 3721 detonso,·
754 3665 827 3704 nam
841 3648 912 3726 lego
923 3646 1162 3728 serantapicus,
1183 3667 1245 3704 nou
1266 3658 1300 3706 ut
1322 3645 1377 3704 ha-

267 3732 340 3790 beut
362 3734 503 3811 impressi
521 3731 601 3806 libri,
625 3731 836 3812 inclausum:
858 3751 948 3793 nemo
970 3736 1051 3791 enim
1072 3744 1126 3807 est,
1150 3735 1204 3813 qui
1220 3733 1376 3790 iustiniani

266 3819 423 3878 calvitium
446 3820 478 3875 in
499 3819 630 3899 antiquis
650 3813 936 3892 nummis'viderit,
957 3829 991 3877 ut
1012 3817 1052 3876 ad
1072 3839 1104 3898 p.
1127 3821 1169 3883 37
1191 3817 1268 3875 dixi.

350 3904 386 3961 Ρ.
408 3902 467 3977 88,
493 3907 522 3966 1.
568 3904 656 3982 Quae
675 3903 738 3962 sits·
757 3906 903 3982 rescripto
925 3902 1134 3983 respondenda
1151 3904 1276 3977 forent,
1304 3902 1377 3960 haec

264 4007 325 4045 uon
346 3990 394 4046 uti
415 4009 481 4046 moa
510 4001 569 4069 est,
599 3991 756 4066 quaestori
783 3988 1006 4067 committebat]
1036 3992 1114 4047 Hinc
1144 3988 1242 4068 liquet
1267 4007 1376 4045 munus

263 4072 359 4130 fuisse
381 4077 550 4154 quaestoris
572 4072 760 4134 edendarum
779 4075 885 4152 legum
906 4075 1020 4133 tonnas
1041 4095 1240 4153 componere,
1263 4085 1293 4130 et
1311 4074 1376 4152 pie-

264 4176 358 4236 roque
387 4161 420 4217 in
448 4171 554 4219 senatu
583 4180 635 4220 ore
660 4171 749 4219 tenus
783 4163 993 4240 pronunciare.
1044 4157 1181 4220 Cassiod.
1210 4160 1280 4218 Var.
1311 4159 1376 4219 1.6

264 4245 353 4324 epist.
379 4243 589 4322 Quaesturam
605 4257 668 4307 toto
690 4241 779 4304 coede
798 4246 970 4323 recipimus,
992 4265 1088 4325 quam
1108 4255 1233 4304 nostrae
1252 4244 1377 4324 liuguae

261 4347 365 4389 vacem
387 4349 449 4389 esse
470 4352 632 4394 censemus.
675 4331 828 4411 Spartian.
850 4332 884 4390 in
905 4329 1058 4405 Adriano;
1089 4340 1288 4411 quaesturam
1307 4348 1376 4408 ges-

263 4417 315 4492 sit,
338 4418 373 4476 s’a
394 4436 459 4499 qua
481 4421 650 4480 orationem
664 4419 860 4498 imperatoris
881 4418 916 4476 s'u
935 4428 1046 4479 senatu
1067 4418 1223 4498 agrestas
1236 4435 1375 4496 proauu-
