3125 4959
554 429 698 500 none
723 430 946 538 samana
976 466 981 474 -
1227 428 1304 503 445

193 601 297 660 solum
315 593 467 680 prodeo
453 619 488 657 sn
508 609 621 670 urbem,
642 617 712 656 cum
733 595 873 658 burdoni-
889 593 1016 677 irrsideo,
1038 597 1169 674 utinam,
1190 594 1304 679 Augu-

192 689 405 760 stemaxime,
427 696 551 744 netum
573 681 705 764 quidem.
1090 713 1093 716 ·

278 773 313 828 P.
333 731 405 873 116:
426 774 457 834 2.
500 769 681 848 Praefectus
704 767 803 848 urbis]
828 767 917 828 Est
907 787 939 824 ιιι
958 763 1130 841 Graeco,‘
1105 791 1127 847 η
1149 770 1194 850 aqi
1214 760 1305 852 δήμῳ

192 848 400 934 ἔφεσιοῖοα’
379 850 474 935 αρχή,
503 858 709 955 magistratus
725 854 812 932 plebi
827 853 1015 933 praefectus.
1058 850 1145 924 Quod
1173 872 1245 911 vero
1270 855 1305 912 in

191 941 267 998 urbe
289 960 411 999 omnem
435 942 644 1020 qaaestionem
665 937 807 1012 haberet,
833 941 1019 998 lastinianus
1039 940 1159 996 vocavit
1179 943 1305 1018 uotiua-

191 1027 273 1106 χίαν.
315 1025 432 1084 Novell.
457 1029 496 1089 13
519 1035 548 1084 et
569 1027 767 1085 Leontiasin
734 1026 857 1103 nsepig
860 1044 968 1082 samm.
991 1024 1056 1085 Καί
1073 1043 1109 1086 us
1131 1020 1208 1101 σοφὲ
1228 1047 1305 1086 πτο-

191 1112 293 1190 λίαρχε
321 1103 434 1191 γράφει
459 1105 617 1190 γαβριήλιε
644 1108 743 1190 τέχνη.
787 1108 895 1168 eadem
918 1113 1032 1168 ratione
1054 1109 1107 1166 alii
1123 1112 1305 1187 πολιοῦχον.

191 1196 375 1254 lastinianus
396 1193 511 1256 ibidem
531 1195 660 1277 ἔπαρχον
682 1199 737 1274 τῆς
757 1188 885 1266 πόλεως.
928 1195 980 1253 Sia
1003 1197 1118 1273 passim
1140 1192 1304 1271 distingui

191 1291 242 1338 tur
271 1281 308 1337 ab
337 1279 471 1361 ἔπαρχον
492 1283 555 1342 τοῖν
576 1282 777 1360 anastasius
822 1281 1006 1358 Saepissime
1028 1299 1100 1348 vero
1121 1299 1177 1359 per
1197 1280 1304 1337 excel·

170 1367 317 1425 -leutiam
339 1364 468 1445 ἔπαρχος
490 1384 507 1423 a
530 1365 617 1424 bouis
639 1367 793 1425 autoribus
814 1366 993 1444 appellatur.

276 1453 312 1508 Ρ.
338 1451 415 1522 116,
442 1452 474 1514 4.
529 1452 653 1509 Ηονιιπι
680 1452 812 1508 alterum
835 1461 1008 1528 praetorem
1030 1448 1132 1528 plebis
1160 1445 1304 1525 vocarit]

190 1536 289 1610 Quem
315 1536 446 1593 Romani
472 1545 660 1613 praetorem,
696 1537 760 1593 sive
790 1536 976 1612 praelectam
1001 1536 1165 1614 vigiliam,
1195 1535 1304 1592 Graeci

190 1616 405 1697 νακτέπαρχον.
449 1618 583 1678 Cassiod.
610 1621 632 1680 l.
654 1623 685 1683 7.
721 1623 791 1680 Var.
817 1622 908 1699 epist.
934 1623 966 1682 7.
1008 1621 1053 1676 De
1081 1619 1171 1676 hunus
1200 1621 1303 1695 magi-

190 1714 300 1764 stratus
318 1706 506 1761 institutione
524 1715 587 1762 erat
607 1704 719 1762 novell.
738 1706 768 1764 3.
811 1707 890 1762 Ante
903 1707 1064 1762 'lastiniani
1085 1714 1221 1782 tempora
1244 1725 1301 1761 ou-

146 1811 149 1816 ·
189 1808 273 1860 ram,
298 1807 375 1869 qaas
398 1791 529 1867 praetori
549 1790 647 1868 plebis
669 1786 885 1862 demandatur,
909 1800 1065 1866 gesserunt
1085 1791 1299 1866 vicomagistri,

190 1885 221 1932 et
249 1875 418 1950 collegiati,
447 1875 500 1950 qui
526 1875 654 1948 singulis
674 1873 767 1940 ,urbis
788 1874 927 1950 Byzantii
955 1872 1127 1951 regionibus
1155 1876 1301 1952 praefecti

189 1969 291 2032 erant,
319 1966 354 2015 ut
380 1965 465 2014 antor
494 1953 703 2034 descriptionis
727 1957 1002 2034 Constantinopolis
1028 1957 1152 2014 iudicat.
1198 1959 1301 2016 Colle-

186 2044 287 2125 giati,
315 2043 371 2121 qui
399 2061 434 2098 ex
454 2037 585 2098 dirersis
607 2039 788 2119 corporibus
813 2039 959 2118 'ordinati-
973 2039 1185 2099 incendiorum
1205 2044 1302 2103 solent

189 2128 317 2187 casibus
346 2125 514 2188 subvenire.
562 2125 803 2204 Vicomugistri,
827 2125 941 2204 quibus
954 2147 1012 2204 per
1032 2137 1149 2184 noctem
1171 2126 1303 2185 tuendae

189 2213 277 2274 urbis
298 2233 375 2271 cura
393 2208 549 2271 mandatu
566 2222 620 2272 est.
662 2213 727 2272 Hos
747 2212 864 2291 primus
885 2213 1051 2290 Augustas,
1073 2223 1108 2270 ut
1127 2212 1302 2289 Suetonius,

190 2302 249 2376 ait,
270 2299 413 2357 instituit.

275 2386 311 2442 P.
331 2387 407 2456 116,
429 2380 462 2445 6
508 2381 650 2443 Alterum
679 2381 904 2463 quaesitorem]
936 2383 1085 2441 Antonius
1112 2385 1302 2461 Augustinus

189 2467 230 2528 ad
250 2469 362 2538 novell:
379 2469 421 2531 80
441 2487 496 2548 pro
514 2471 686 2548 quaesitore
706 2467 872 2546 legendum
891 2481 992 2527 censet
1015 2479 1216 2547 quaestorem.
1260 2472 1302 2527 Et

188 2555 316 2614 lacobus
342 2555 481 2612 Cuiacias
511 2573 529 2611 a
556 2564 715 2633 quaestore
741 2554 874 2634 palatii,
910 2564 941 2613 et
968 2565 1128 2633 quaestore
1156 2557 1303 2613 exercitas

188 2639 272 2698 huna
286 2641 408 2696 nititur
438 2638 631 2716 distinguere.
674 2641 736 2698 Nos
764 2641 944 2698 retissuhnas
974 2638 1114 2698 codicum
1138 2641 1302 2699 Vaticano-

189 2745 258 2782 rurn
278 2725 442 2782 lectionem
463 2726 673 2801 Κυαισίτιορα,
702 2725 751 2781 cui
772 2727 907 2784 lulianus
928 2728 1110 2784 Antecessos
1131 2724 1300 2803 adstipula-

189 2820 240 2868 tur
258 2809 372 2866 novell.
395 2805 446 2871 74.
491 2809 603 2866 Rern
594 2828 659 2886 ipse
689 2811 873 2867 lastinianus
902 2812 1012 2867 evincit
1039 2809 1151 2867 nr).vell
1175 2813 1226 2872 80.
1254 2814 1300 2870 T
1280 2835 1297 2893 χ

189 2893 245 2974 μὲν
267 2886 325 2956 οὗν
347 2886 427 2976 οἷρχῆ
449 2891 563 2998 καὶτῷ
584 2888 699 2996 supano
720 2889 1039 2974 παραλαμβάνοντι
1008 2898 1117 2956 ποτοῦ
1144 2897 1299 2974 quaesito-

188 2982 229 3040 ris
258 2978 394 3057 intrita
389 3001 432 3040 εν
453 2974 556 3056 ὄνομα.
600 2973 697 3053 οὕτως
717 2975 774 3086 quiq
799 2975 838 3059 δη
856 2979 909 3081 psai
932 2981 964 3042 oi
990 2975 1047 3059 τήν
1070 2972 1166 3059 αἷρχην
1188 2975 1299 3082 saiada-

187 3089 252 3139 τες,
285 3061 401 3164 φαμὲν
413 3058 452 3144 δὴ
484 3061 536 3124 καὶ
564 3061 598 3125 ἒν
626 3069 691 3136 τοῖς
719 3088 784 3126 ανω
810 3059 931 3166 χρόνοις
957 3059 1141 3142 Ἐρευναδας
1168 3060 1298 3127 ἐκάλουν

187 3147 259 3223 τούς
288 3148 318 3224 ἐς
344 3142 457 3226 ταύτην
485 3141 732 3227 ἀφικνουμένους
757 3173 816 3227 την
842 3143 895 3224 τάς
885 3153 938 3210 ιν.
981 3153 1069 3208 Huic
1095 3171 1166 3227 ergo
1192 3154 1298 3250 magi-

187 3237 320 3312 stratui,
344 3246 372 3292 et
393 3234 486 3292 illum
506 3237 674 3312 capessenti
695 3237 881 3313 quaesitoris
901 3254 1008 3293 nomen
1029 3238 1229 3334 imponimus,
1252 3239 1299 3294 sic

187 3324 266 3378 enim
294 3321 349 3398 qui
375 3319 459 3377 lirano
492 3321 714 3398 magistratum
744 3322 922 3378 invexerunt
951 3323 1068 3400 priscis
1098 3321 1296 3401 temporibus,
1314 3327 1337 3382 Ρ
1352 3328 1403 3385 158

186 3403 389 3478 Ereunadas,
408 3403 513 3480 idest,
536 3407 723 3483 quaesitores
743 3417 897 3463 uocarunt
917 3427 981 3484 eos,
1004 3409 1061 3484 qui
1081 3404 1127 3463 ad
1145 3407 1204 3466 lroc
1225 3429 1298 3464 mu-

186 3513 248 3550 nus
263 3491 481 3569 peruenissent.
524 3493 606 3567 Lege
623 3491 883 3570 Harmenopolum
904 3492 927 3550 l.
948 3497 984 3566 6,
1008 3492 1045 3550 de
1067 3494 1158 3551 ruiis
1178 3493 1299 3571 legibus

186 3580 233 3636 tit.
258 3581 293 3652 1,
316 3575 459 3654 ,Virgilius
480 3579 499 3638 6
519 3573 646 3633 Aeneid.

297 3662 460 3738 Quaesitor
481 3661 584 3718 Minos
605 3681 717 3722 urnam
738 3672 855 3740 movet,
878 3659 932 3718 ille
952 3661 1098 3720 silentum

292 3747 524 3824 Consiliumque
543 3757 650 3824 vocat,
673 3749 829 3826 vitamque.
849 3758 877 3804 et
900 3750 1032 3805 crimina
1053 3746 1158 3805 discit.

185 3829 401 3890 Emendandae
429 3841 499 3889 sunt
529 3832 620 3887 etiam
648 3830 795 3891 editiones
820 3830 1053 3910 Schringerinna
1081 3843 1112 3889 et
1134 3830 1297 3890 Gontiana.

186 3916 267 3976 Illud
288 3915 339 3976 hio
361 3915 452 3974 habet
475 3915 698 3988 difficultatum
728 3917 812 3996 quod
832 3920 864 3975 in
886 3919 998 3975 novell.
1021 3922 1062 3980 80
1084 3916 1122 3974 de
1145 3917 1299 3993 quaesito-

186 4004 228 4061 ris
256 4005 457 4075 institatione,
487 4002 570 4058 nulla
599 4005 714 4061 mentio
743 4006 782 4062 sit
812 4005 988 4078 criminum,
1021 3999 1159 4082 adquae
1182 4021 1299 4080 cogno-

186 4087 298 4147 scenda
324 4086 406 4145 hurso
433 4089 605 4146 institutum
633 4091 846 4165 magistratum
878 4090 972 4147 fuisse
1002 4089 1168 4166 Procopius
1198 4082 1297 4146 docet.

185 4175 227 4232 At
248 4172 286 4231 de
303 4175 441 4252 acceptis,
462 4191 524 4231 non
543 4173 664 4250 scripto,
685 4171 740 4230 sed
761 4174 864 4247 verbo,
886 4174 1031 4252 principis
1053 4171 1204 4231 mandatis
1219 4176 1297 4232 Pro·

186 4261 290 4337 copias
311 4259 463 4338 loquitar-3
486 4269 519 4314 at
539 4259 637 4338 liquet
658 4277 699 4315 ex
720 4260 773 4333 its,
795 4278 873 4339 quae
895 4261 998 4317 statim
1015 4256 1052 4316 de
1069 4268 1206 4338 praetore
1226 4260 1297 4337 ple-

185 4342 250 4419 bis,
272 4353 303 4402 et
323 4345 391 4400 urbi
411 4344 562 4422 praefecto
584 4353 695 4401 narrat.

270 4430 306 4485 P.
330 4429 402 4501 117,
425 4430 454 4492 5.
500 4430 692 4507 Quaesturae
711 4426 835 4506 munus]
865 4427 928 4486 Alii
948 4437 1018 4489 sunt
1040 4438 1215 4512 quaestores
1235 4429 1296 4486 Ur-
