3125 4959
484 391 684 462 HISTORIA
708 392 865 464 ARCANA
888 394 948 463 21.
1191 395 1261 468 tet

175 566 249 642 τούς
267 561 402 644 ἐσεσθαι,
417 566 468 630 καὶ
479 561 556 648 μήτε
568 591 597 630 τι
611 561 717 630 δώσειν
728 571 784 648 τῆς
799 563 895 651 ἀρχῆς
908 563 992 630 ἐνεκα
1005 561 1081 648 μήτε
1097 561 1265 649 λήψεσθαι.

177 667 256 757 ἀράς
272 695 303 734 τε
318 667 420 745 πάσας
432 670 590 753 ἐπίβαλεν,
615 666 685 733 ὅσαι
698 668 775 753 πρὸς
789 675 850 734 τῶν
863 667 1073 734 παλαιοτάτων
1087 669 1266 753 ὠνομασμέ-

176 800 229 839 ναιΙ
241 776 324 851 εέσίν,
349 772 388 856 ἢν
402 799 448 850 τις
470 778 530 837 τῶν
549 772 760 856 γεγραμμίνωκ
775 771 891 856 ἐκβαίη.
942 772 1022 837 ἀλλὰ
1035 779 1088 837 τού
1106 770 1200 856 νόμον
1217 798 1268 837 τε-

176 877 285 953 θέντος
306 874 391 941 ούπω
409 874 544 940 ἐνιαυτὸν
557 874 647 951 αύτίις
660 875 716 957 μέν
728 882 789 940 τῶν
806 878 1019 962 γεγραμμένων
1033 876 1083 940 καί
1096 877 1269 962 κατηραμέ-

153 992 238 1049 ὄνων
268 974 474 1064 ὀλιγωρήσας,
499 979 617 1061 καὶτῆς
637 973 712 1063 ύπέρ
732 976 847 1044 τούτων
869 977 1012 1064 αίσχάιης
1032 979 1208 1064 ἀδεέστερον
1228 979 1268 1044 τὰ

174 1080 332 1168 τιμήματα
345 1089 405 1147 τῶν
417 1081 519 1169 ἀρχῶν
533 1082 564 1145 ἐν
575 1077 773 1169 παραβύστῳ,
787 1081 858 1146 ἀλλ’
875 1083 906 1158 ἐς
918 1083 953 1147 τὸ
967 1080 1113 1167 δημόσιον
1126 1089 1181 1164 τῆς
1194 1081 1269 1166 ἀγο-

176 1193 236 1272 ρᾶς
253 1186 404 1272 ἔπραττεν.
456 1183 484 1249 οἱ
506 1183 539 1248 δέ
553 1170 617 1259 τὰς
644 1181 741 1268 ἀρχὰς
765 1182 909 1266 ὠνημίνοι
933 1184 1076 1268 δίιόμοτοι
1103 1190 1220 1268 μᾶλλον
1245 1182 1265 1268 ἢ

175 1271 323 1376 πρότερον
342 1284 441 1352 πάντα
457 1285 580 1351 ἐσύλων.
629 1284 755 1372 ὕστερον
771 1287 805 1350 δὲ
828 1289 879 1350 καί
904 1286 978 1352 ἀλλο
999 1315 1028 1352 τι
1052 1285 1265 1371 ἐπετεχνησιιτοΙ

175 1391 271 1476 ἀκοῆς
293 1399 441 1472 κρείσσω.
491 1396 551 1454 τῶν
570 1389 689 1472 ἀρχῶν,
711 1388 807 1475 ἅσπερ
826 1387 994 1467 ἀξιωτάτας
1012 1389 1043 1453 ἐν
1064 1415 1095 1454 τε
1111 1392 1267 1478 Βυζαντίῳ
1284 1394 1309 1448 D

138 1497 230 1561 tonat
251 1488 355 1557 πόλεσι
376 1503 441 1569 ταῖς
460 1491 568 1571 ἄλλοις
585 1490 658 1578 ᾤετο
679 1488 762 1569 είναι,
789 1492 887 1556 οόκέτι
909 1491 1087 1576 ἀπεμπολᾶν
1102 1491 1176 1576 ἐγνω
1191 1483 1284 1578 ᾗπερ

174 1595 216 1660 τὰ
231 1591 378 1681 πρότερα,
398 1595 577 1679 μισθωτούς
597 1596 629 1659 δέ
644 1593 874 1681 διερεινάμενος
888 1593 1073 1681 ἐχειροτόνει,
1096 1594 1190 1671 τάξας
1211 1596 1267 1660 uri·

174 1697 276 1776 τοῖςό
297 1724 325 1761 τι
345 1699 383 1781 δὴ
407 1703 653 1784 μισθαρνοῦντας
677 1697 840 1785 ἀποηέρειν
867 1697 949 1784 αύτῷ
979 1698 1017 1763 τὰ
1035 1699 1135 1782 χωρία
1160 1695 1266 1762 πάντα.

174 1801 204 1865 oi
228 1801 261 1866 δέ
279 1800 336 1883 τὴν
355 1802 511 1884 μίσθωσιν
536 1799 743 1884 κεκομισμίνοι
764 1800 939 1887 ἀδεέστερον
966 1799 1214 1887 ξι·μφορη’σαι’τες
1234 1801 1267 1864 ἐκ

172 1901 275 1986 πάσης
298 1909 354 1987 γῆς
380 1900 499 1970 ἅπαντα
517 1902 626 1990 ἐφερον
654 1905 704 1966 καὶ
727 1902 904 1990 περιήρχετο
927 1903 1124 1990 μισθοφόρος
1147 1905 1267 1978 ἐξουσία

135 2013 220 2094 turgt
232 2013 287 2088 τῆς
302 2004 398 2092 ἀρχῆς
417 2003 543 2088 ἀνόματι
565 2008 799 2090 καταληιζομίιη
820 2008 892 2084 τούς
912 2004 1073 2089 ύπηκόοιις.
1135 2001 1266 2082 obtegi

170 2109 322 2192 βασιλεύς
340 2107 632 2194 ἀκριβολογούμενος
655 2110 709 2174 τόν
735 2109 855 2174 ἅπαντα
873 2108 982 2196 χρόνον
1009 2113 1136 2185 ἐκείνοις
1162 2110 1268 2196 ἐφίστη

171 2222 239 2288 τοῖς
266 2207 441 2298 πράγμασιν
469 2212 503 2276 δέ
522 2214 561 2295 δὴ
588 2212 708 2280 πάντων
727 2214 805 2278 norb
827 2212 880 2278 τὸν
904 2212 1007 2296 ἀληθῆ
1036 2211 1125 2297 λόγον
1148 2209 1268 2297 μιαρά·
1285 2229 1307 2282 Ρ
1325 2230 1360 2281 62

171 2340 261 2380 τατοι
273 2306 361 2397 ἦσαν,
387 2314 437 2379 ἀεί
446 2341 478 2380 τε
494 2315 529 2382 τό
544 2316 638 2382 κακὸν
650 2322 738 2381 τούτο
751 2319 917 2400 ἐχιηλατῶν
932 2314 1155 2399 κατετύγγανεν.
1182 2312 1268 2396 ἡνίκα
1285 2302 1308 2350 Δ
1323 2299 1358 2352 94

173 2411 230 2482 ούν
243 2417 347 2500 ἀμέλει
361 2417 433 2493 τούς
446 2416 584 2505 πράτοις
606 2419 756 2506 πονηρούς
772 2422 819 2483 ἐπὶ
835 2426 889 2502 τῆς
903 2419 1000 2505 ἀρχῆς
1016 2416 1220 2500 κατεστήσατο
1239 2419 1270 2493 ἐς

134 2526 244 2607 ὶδιμός
259 2547 291 2584 τε
306 2521 405 2585 cirris·
421 2517 441 2603 ἢ
455 2529 509 2603 της
521 2521 678 2603 δυνάμεως
692 2525 812 2599 ἐξουσία
827 2523 882 2604 τὴν
895 2525 1096 2606 κακοτροπίαν
1109 2519 1270 2605 ἐξήνεγκεν,

174 2622 391 2707 ἐθαυμάζομέν
420 2649 454 2708 γε
476 2623 558 2700 ὅπως
582 2625 621 2706 δί,Ι
644 2624 796 2708 κακότητα
819 2622 968 2708 τοσαύτην
989 2624 1156 2712 ἀνθρώπου
1178 2622 1271 2710 ηύσις

174 2726 337 2813 ἐχώρησεν.
389 2728 451 2790 ἐπεὶ
475 2728 509 2791 δέ
530 2727 641 2804 αύτούς
662 2728 689 2792 oi
700 2727 802 2814 χρόνῳ
820 2755 862 2814 τιμ
879 2728 976 2814 ἀρχάς
989 2723 1178 2809 ἐκδεξάμενοι
1194 2731 1270 2789 πολ-

173 2835 218 2915 λῷ
241 2837 285 2916 τῷ
307 2826 438 2914 περιόντι
450 2836 583 2916 παρελεῖν
598 2831 724 2914 ίσχνσαν
733 2879 743 2908 ,
769 2837 967 2918 διηποροῦντο
983 2831 1060 2918 πρὸς
1077 2830 1227 2910 ἀλλήλους
1242 2827 1271 2890 oi

173 2930 337 3020 ἀνθριιιποι
352 2929 452 2996 ὅντινα
466 2932 577 3019 τρόπον
596 2933 623 2997 oi
638 2933 775 3021 πρόσθεν
791 2933 988 3020 πονηρότατοι
1007 2933 1146 3009 δόξαντες
1161 2928 1270 2994 τοσού-

243 3069 263 3116 9
281 3055 455 3128 ἀπερινολδν]
469 3054 638 3126 tarpeaim
649 3059 703 3114 ΑΡ.
773 3061 815 3116 12.
832 3055 851 3114 ίί
863 3077 891 3112 τι
904 3057 938 3123 δὴ
952 3057 1179 3123 μισθαρνοῦντας
1190 3056 1271 3110 Alem.
1333 3081 1338 3091 ·

246 3121 292 3180 ὅτι
304 3129 577 3193 διαμισθαρνοῦντας
587 3129 641 3181 ΑΡ.
696 3129 760 3181 ibid.
781 3128 880 3195 χοιρία]
899 3127 1059 3196 Suspectum.
1073 3126 1166 3178 Raros.

172 3227 244 3298 pinis
255 3227 413 3294 foedatum,
430 3228 542 3294 nihilque
552 3228 656 3280 daturos
669 3246 716 3296 pro
728 3227 904 3295 dignitatibus,
921 3227 962 3280 rel
972 3236 1132 3299 accepturos,
1142 3227 1185 3296 qui
1197 3243 1271 3279 semis

173 3298 311 3360 fecissent,
324 3296 384 3347 diris
394 3295 509 3347 omnibus
520 3314 588 3348 more
599 3296 718 3348 maiorum
734 3297 929 3351 devoverentor.
967 3301 990 3350 A
1004 3298 1054 3348 lata
1067 3300 1124 3362 lege
1136 3297 1178 3347 vix
1191 3311 1271 3347 annuis

173 3368 288 3427 abierat,
305 3381 361 3416 cum
375 3364 430 3433 ipse
441 3366 558 3422 decreto.
573 3366 682 3418 dirarum
693 3367 896 3429 obnunciatione‚
913 3366 1062 3434 pudoreque
1071 3364 1201 3430 neglectis.
1215 3365 1271 3428 dig-

173 3436 272 3487 nitates
283 3434 349 3486 baud
361 3436 478 3497 obscure,
493 3435 539 3485 sed
558 3435 639 3503 pulani
650 3435 675 3486 in
689 3437 747 3487 loro
759 3453 806 3504 per
818 3451 936 3486 sunnnam
948 3433 1125 3500 impudentiam
1139 3432 1219 3500 pretio
1231 3433 1271 3483 di-

172 3504 334 3563 venditnreta
351 3521 381 3554 ac
391 3502 542 3570 dignitatum
554 3504 691 3557 licitatores
705 3504 801 3574 periuri
818 3503 917 3553 foedius
929 3518 1003 3568 quam
1018 3513 1093 3552 antea
1104 3502 1185 3552 onmia
1198 3518 1273 3570 rope-

173 3578 243 3622 rent.
280 3570 384 3621 Deorum
395 3571 455 3621 illud
467 3573 543 3623 etiam
554 3572 724 3640 excogitavit,
742 3571 810 3638 quod
826 3587 891 3638 pene
906 3569 1055 3621 incredibile
1067 3581 1205 3622 memoratu
1217 3579 1273 3633 θεὶς

174 3637 298 3706 Byzantii
316 3647 394 3704 utque
411 3639 599 3709 municipiorum
612 3656 722 3690 summos
739 3656 854 3706 quosque
863 3638 1024 3708 magistratus
1035 3639 1099 3690 baud
1112 3641 1215 3708 amplius
1228 3656 1275 3690 se-

174 3707 249 3760 nales
267 3705 363 3757 babere
384 3705 511 3766 collibuit3
530 3723 618 3759 verum
636 3707 756 3774 quosdam
778 3707 815 3757 eis
832 3711 971 3776 praeficere
989 3707 1174 3772 conductitios,
1200 3719 1276 3775 pactu

175 3774 307 3840 mercede,
326 3773 369 3841 qui
389 3790 476 3826 osunea
493 3773 526 3825 ad
544 3792 599 3831 eum
615 3775 726 3827 locorum
743 3788 884 3844 proventus
898 3778 1076 3829 conveherent.
1117 3775 1157 3827 llli
1168 3785 1274 3842 accepto

174 3844 307 3914 stiperidio
318 3842 492 3912 undecumque
501 3851 628 3897 terrerum
640 3862 685 3914 per
695 3845 871 3914 impudentiam
880 3845 1062 3915 susquedeque
1073 3846 1208 3896 trnlrebsnt
1221 3861 1275 3895 οιτι-

174 3914 222 3967 τιίτι
239 3913 492 3981 comportabantque.
538 3913 645 3965 Videres
663 3917 835 3980 magistratum
855 3914 1035 3967 conductitium
1052 3914 1101 3965 buc
1119 3922 1198 3981 atque
1215 3914 1276 3964 illuc

175 3985 350 4045 oberrantem,
367 3982 533 4050 praelatoque
548 3982 648 4034 nomine
665 3983 796 4050 dignitatis
819 3983 846 4035 in
866 3983 1033 4051 provinciales
1047 3983 1211 4039 saevientem.
1246 3982 1276 4032 ln

175 4069 271 4118 magno
282 4050 310 4101 id
320 4067 420 4119 semper
430 4051 532 4117 negotio
543 4052 694 4109 lastinianus
706 4052 809 4118 babuit,
836 4070 884 4104 nec
897 4069 944 4105 aua
955 4051 1023 4106 illurn
1035 4053 1126 4104 fefellit
1137 4052 1276 4115 industria3

176 4129 209 4173 ut
228 4120 323 4188 quique
337 4119 392 4171 sine
408 4122 582 4172 controversia
598 4119 831 4175 consceleratissimi
848 4121 924 4173 rebus
943 4129 1101 4188 praeessent.
1137 4121 1200 4171 Cum
1213 4136 1276 4183 erpo

174 4188 286 4257 primum
306 4189 416 4241 nefarios
431 4188 464 4240 ad
480 4187 619 4253 dignitates
636 4190 732 4254 evexit,
751 4206 888 4257 corumque
900 4190 1085 4256 improbitatem
1098 4190 1230 4257 potestatis
1243 4188 1274 4238 li-

175 4257 262 4312 eentia
274 4256 401 4325 prodidit,
417 4273 538 4326 perquam
550 4258 638 4310 mirum
650 4259 731 4311 visum
742 4266 799 4322 eu,
815 4258 837 4308 si
851 4265 945 4309 tatrturn
958 4260 1025 4310 terre
1037 4265 1123 4327 posset
1134 4256 1276 4324 malignita-

175 4335 231 4376 tem
242 4328 374 4378 buoianuur
384 4326 526 4391 ingenium:
543 4333 572 4376 at
582 4326 639 4377 illos
648 4325 690 4380 ubi
700 4327 775 4392 longo
787 4327 921 4377 intervallo
933 4343 1091 4380 successures
1102 4333 1275 4395 superassent,

175 4396 339 4463 quaerebant
359 4395 480 4463 homiues,
497 4395 542 4468 qui
560 4395 662 4452 anderu
679 4395 728 4448 risi
742 4395 842 4466 priores
858 4395 1178 4464 illilongellagitiosissimi
1194 4392 1277 4447 abbis
1330 4429 1332 4434 -
