3125 4959
238 451 313 520 382
584 447 630 521 111
654 450 765 520 alst.
789 450 988 522 anctum

178 634 180 638 ·
237 617 295 694 qui
316 616 557 677 ranuncularrrn
576 627 685 678 vertent
706 614 884 697 induerent,
913 620 971 701 qui
995 627 1025 680 et
1042 617 1172 680 Prasiai
1186 637 1220 677 vn
1245 617 1344 677 colore

236 703 418 780 nurtoupnti.
615 737 618 742 -
669 737 673 745 -=
1154 763 1158 776 .

321 787 358 845 P.
371 785 424 862 61,
440 789 476 850 9.
515 785 623 846 Morbo
638 787 835 848 lastinianus
856 786 1035 869 urgebatur]
1061 787 1163 846 (burla
1185 783 1342 844 affectione

234 872 413 950 'gravissime
434 871 602 947 laboravit3
630 877 717 932 omni
744 876 860 934 abiecta
881 895 936 954 spe
956 875 1075 934 salutis.
1117 874 1163 931 De
1185 867 1244 929 lrao
1265 872 1343 927 Pro-

143 961 218 1019 131
236 958 359 1034 eopium
379 957 553 1034 intelligere
571 968 687 1016 certam
708 969 755 1018 est
779 980 821 1018 ex
848 962 887 1019 iis
909 979 987 1040 quae
1007 957 1128 1031 subdit,
1160 959 1238 1016 rrtiro
1266 975 1343 1013 casn

234 1043 450 1119 imperatorem
470 1042 673 1121 convaluisse,
692 1064 803 1124 nempe
826 1044 968 1104 adhibitis
987 1055 1158 1106 sanatorum
1175 1051 1344 1119 martyrum

234 1127 390 1206 reliqniis,
420 1145 496 1206 quas
526 1125 620 1186 effodi
645 1132 787 1209 contigit,
817 1127 892 1188 dum
921 1140 1042 1190 sanotae
1062 1131 1166 1186 Irenae
1193 1125 1343 1204 templum

234 1211 467 1270 instaurabatur.
517 1214 596 1271 Rem
625 1223 719 1273 totam
756 1217 822 1295 ipse
855 1217 1026 1274 innutanter
1058 1215 1250 1293 prosequitur
1276 1209 1299 1267 l.
1324 1216 1341 1272 1

236 1295 338 1355 aedif.
373 1299 456 1354 Haeo
476 1298 636 1357 lastiniani
657 1303 821 1378 aegrotatio
842 1299 949 1359 incidit
969 1303 1002 1358 in
1023 1318 1137 1358 annum
1159 1299 1275 1354 circiter
1296 1295 1346 1350 vi-

236 1384 390 1460 gesimum
409 1385 544 1458 tertium,
564 1385 615 1442 rel
629 1397 772 1465 quartum
796 1388 861 1444 eius
874 1387 1023 1466 imperii3
1044 1403 1117 1442 nam
1138 1401 1218 1441 antro
1240 1380 1346 1461 quinto

237 1469 449 1545 strigesimo,
472 1487 578 1528 mense
599 1469 795 1548 Septembre,
817 1465 1122 1530 indictionefdecima
1143 1469 1248 1548 quinta
1268 1460 1347 1522 iilud

237 1562 359 1610 sanotae
380 1555 487 1611 Irenae
506 1555 658 1633 tempium
679 1554 853 1615 dedicatum
874 1557 949 1633 init,
971 1565 1005 1614 ut
1025 1550 1231 1632 Theophanes
1252 1558 1347 1608 notat.

236 1634 404 1715 Theodpra
424 1658 516 1695 suum
535 1641 600 1698 iam
620 1637 856 1717 diem⁴obierat3
883 1661 976 1722 quare
997 1641 1057 1698 alia
1077 1641 1168 1720 plane
1188 1633 1348 1695 Iustiniani

237 1719 316 1780 haeo
336 1732 384 1781 est
403 1721 545 1780 valetudo
567 1724 605 1781 ab
627 1743 679 1799 ea,
706 1723 745 1783 de
766 1744 829 1805 qna
848 1746 940 1804 snpra
960 1728 1124 1804 Prosopius
1146 1725 1177 1803 p'.
1199 1725 1249 1784 16.
1291 1720 1349 1777 Αἴ-

238 1825 302 1886 que
322 1807 382 1865 alia
402 1810 495 1864 etiam
507 1809 644 1866 fortassis
666 1819 711 1867 est
733 1829 752 1867 a
774 1829 835 1890 qua
856 1812 1000 1870 liberatus
1021 1811 1080 1867 snit
1096 1828 1155 1888 ope
1175 1815 1349 1866 sanctorum

237 1893 367 1949 cosmae
388 1901 419 1948 et
435 1892 594 1967 Damiani,
623 1894 733 1972 quibua
754 1905 786 1952 et
807 1896 957 1974 templum
976 1911 1018 1952 ex
1038 1904 1109 1953 voto
1132 1892 1292 1963 excitavit,
1314 1898 1349 1945 nt

237 1973 348 2032 eodem
374 1975 460 2032 libro<
478 1973 572 2032 aedis.
599 1980 699 2054 primo
725 1989 838 2037 narrat.
882 1980 952 2038 Aha
973 1976 1080 2036 itidem
1106 1979 1163 2036 illa
1191 1971 1348 2055 dvoovpt'n,

238 2058 539 2134 difficultas··urinee,
557 2078 655 2139 -qnam
675 2064 803 2118 removit
827 2081 906 2140 aque
926 2067 983 2141 τῆς
1003 2057 1166 2142 ζωηφόρου
1185 2063 1295 2140 πηγῆς,
1314 2067 1350 2114 ut

235 2154 347 2203 vocant
364 2145 520 2222 Byzantii,
551 2144 672 2222 vivifici
688 2146 812 2220 sontis.-
840 2144 880 2202 ad
903 2165 996 2225 quem
1020 2146 1161 2224 deiparae
1187 2143 1351 2203 liberatrioi

238 2228 349 2288 aedem
369 2226 538 2303 dedicavit,
561 2239 596 2287 ut
616 2227 803 2309 Nicephorii-s
825 2231 943 2288 Callisti
965 2231 1056 2288 refert
1076 2233 1109 2288 in
1131 2228 1230 2288 officio
1252 2229 1351 2286 eecle-

236 2317 359 2374 siastioo
380 2314 475 2371 feriae
492 2314 620 2394 ‘quintae
641 2317 706 2393 τῆς.
719 2314 964 2395 drusntrnnipoo.
1007 2317 1153 2390 Quintum
1165 2315 1349 2381 lastinianus

236 2401 405 2478 aegrotarit
425 2407 495 2477 post
516 2396 650 2456 reditum
671 2397 845 2474 eThraoia,
867 2419 928 2480 qno
951 2397 990 2458 ad
1007 2401 1258 2458 restaurationem
1278 2417 1351 2454 mu-

237 2504 351 2559 rorum,
363 2486 451 2564 sqnos
470 2483 765 2564 longorappellant,
787 2495 977 2563 perrexerat:
998 2504 1111 2563 nempe
1132 2503 1211 2542 anno
1232 2485 1352 2560 imperii

236 2572 395 2648 tngeshno
417 2577 540 2649 quarto,
561 2571 651 2628 nonis
673 2569 875 2650 Septembris,
897 2567 1061 2628 indiotione
1082 2589 1174 2628 nona.
1217 2571 1268 2635 Ex
1289 2569 1352 2625 sre-

238 2655 402 2734 quentibus
441 2654 557 2712 morbis
593 2652 698 2713 divino
734 2653 886 2734 praesidio
924 2656 1126 2713 lastinianum
1164 2655 1353 2712 oonraiuisse

239 2740 355 2800 Paulus
371 2739 562 2798 silentiarius
582 2739 616 2796 in
633 2740 712 2798 libro
733 2739 779 2797 de'¹
794 2751 915 2799 sanotae
932 2737 1066 2820 Sophiae
1086 2738 1201 2819 templo
1222 2736 1352 2798 indicat:

302 2857 304 2862 .
333 2850 335 2853 ·
399 2852 414 2862 ·’
451 2819 529 2886 ὅθεν
549 2818 662 2899 νόσους
683 2822 739 2906 μὲν
759 2821 984 2903 διαδιδράσκεις
1001 2819 1146 2900 εὐκόλως.

240 2905 320 2969 vide
339 2906 579 2988 Theophanem,
601 2920 632 2968 et
652 2908 709 2969 has
730 2920 817 2970 notas
840 2909 879 2968 ad
901 2931 932 2990 p.
958 2913 1008 2974 16.

206 3013 209 3018 “
308 2991 437 3068 -1’.64‚
461 2995 511 3056 14.
554 2994 698 3053 Absentis
721 2994 877 3074 Caesaris]
908 2997 1081 3055 Secesserat
1099 2991 1282 3051 lastinianus
1303 2990 1353 3048 rel

242 3076 277 3136 in
297 3077 503 3136 suburbanum
517 3082 685 3153 Heraeum,
713 3078 751 3138 de
772 3100 834 3160 quo
856 3081 935 3139 inira
957 3101 988 3160 p.
999 3084 1056 3153 70,
1070 3076 1118 3136 ed.
1132 3080 1225 3134 cruris
1248 3077 1354 3133 sitium

242 3160 430 3238 onrandnm,
442 3202 444 3205 -
456 3164 507 3223 rel
526 3166 560 3222 iu
582 3165 756 3244 Syoannm,
777 3166 832 3224 ubi
852 3177 918 3224 tunt
939 3172 1063 3223 sanotae
1080 3166 1184 3221 Irenae
1204 3159 1355 3239 tempium

243 3248 489 3324 construebatur,
515 3248 692 3329 ibidemque
714 3250 842 3309 fortasse
866 3259 1026 3308 veneratus
1053 3257 1102 3306 est
1125 3246 1286 3327 reliquias,
1315 3243 1354 3302 de

242 3333 354 3411 quibus
382 3330 475 3390 modo
503 3330 653 3392 dicebam.
703 3333 803 3413 Saepe
833 3336 917 3392 venit
948 3329 1189 3405 Calchedonem,
1216 3339 1248 3389 et
1275 3349 1354 3388 anno

242 3417 342 3496 primo
362 3427 393 3474 et
416 3415 550 3476 seeundo
572 3416 685 3476 diutins
707 3419 751 3478 ibi
772 3429 974 3479 commoratus
996 3428 1057 3492 est,
1089 3426 1124 3475 ut
1144 3416 1355 3495 expletisque

243 3503 311 3560 eius
340 3503 604 3563 constitutionibus
631 3514 731 3583 patet3
763 3504 885 3582 longius
906 3515 1019 3571 *antem
1047 3502 1085 3560 ab
1113 3501 1186 3558 urbe
1208 3501 1355 3580 Byzantio

243 3584 285 3646 ad
319 3589 482 3648 orientem.
500 3606 568 3646 raro
597 3584 753 3660 diseessit,
791 3590 888 3647 semel
904 3607 997 3648 anno
1024 3588 1180 3666 trIgasimo
1211 3580 1355 3657 secundo,

243 3691 315 3730 oum
336 3674 368 3730 in
390 3672 595 3752 selymbriam
620 3671 660 3731 ad
687 3673 864 3734 exeitmdos
889 3693 991 3733 muros
1013 3674 1122 3754 longor
1148 3680 1243 3728 terrae
1270 3677 1356 3727 motu

243 3758 412 3836 ooliapsos,
440 3767 471 3814 et
491 3756 658 3837 abigendos
679 3759 837 3834 barbaros,
859 3761 913 3841 qui
931 3758 1004 3817 inde
1028 3761 1062 3816 in
1082 3754 1246 3816 Thraciam
1267 3755 1356 3812 inva-

243 3853 355 3902 serant.
398 3843 500 3921 Atque
520 3845 633 3901 iternm
654 3862 732 3902 anuo
753 3847 910 3922 trigesimo
931 3846 1071 3924 septimo,
1091 3859 1196 3899 mense
1217 3838 1355 3913 Ootobre,

242 3925 410 3985 indietione
431 3925 629 4005 duodecima,
658 3926 698 3987 ad
722 3929 927 4009 Myriangelos
957 3930 1135 4010 (perperam
1156 3925 1357 4004 Marangolos

242 4007 275 4070 i'n
298 4010 424 4071 historia
444 4012 595 4090 misaelis)
624 4010 684 4071 hoo
705 4023 768 4087 est,
799 4016 937 4075 Germios
958 4018 991 4074 in
1013 4010 1306 4088 Galatia'religionis
1326 4017 1357 4066 et

243 4099 389 4156 orationis
417 4116 526 4174 namet
556 4096 773 4176 Theophanes.
817 4103 852 4158 ln
877 4101 997 4159 ltaliam
1024 4096 1161 4170 venisse,
1192 4096 1357 4160 oiresRa-

244 4192 390 4240 vennates
416 4180 501 4242 hand
527 4184 654 4264 probare
682 4197 829 4263 possunt,
861 4186 918 4244 etsi
945 4181 1128 4242 dedicationi
1155 4181 1299 4238 eeclesiae
1321 4179 1355 4237 S.

205 4266 210 4278 '
244 4267 353 4326 vitalis
373 4269 576 4326 lastinianum
596 4287 666 4327 oum
687 4268 852 4330 Theodora
879 4268 1002 4330 credant
1028 4266 1218 4339 interfuisse,
1246 4283 1357 4341 nempe

245 4370 327 4411 anno
348 4355 629 4429 postconsulatum
650 4357 756 4414 Basilii
776 4367 880 4430 sexto,
909 4352 1074 4413 indictione
1095 4350 1230 4422 desitne,
1251 4357 1286 4407 ut
1307 4367 1358 4407 re·

245 4437 305 4495 fert
318 4437 522 4520 Hieronymus
536 4441 659 4502 nubens
681 4441 704 4505 1.
718 4441 750 4506 3.
793 4444 870 4502 Nam
883 4437 1048 4502 Theodora
1062 4434 1172 4501 eodem
1191 4435 1245 4496 iilo
1267 4452 1357 4514 ⁸¹¹¹th
