3125 4959
268 410 345 484 364
620 409 664 479 lN
689 411 800 479 nlsr.
824 411 1018 477 alternant

268 577 455 638 Glossarium
476 576 751 638 Gruecobarbornrn
776 573 934 636 confundit
962 595 1031 638 cum
1060 577 1120 638 alio
1148 581 1370 660 curapalatii,

268 664 308 722 de
335 684 399 745 quo·
422 663 617 724 Cassiodorus
644 663 668 720 l.
688 666 728 736 7,
756 663 826 721 Ver.
849 664 936 741 epist.
958 663 995 738 5,
1027 667 1080 744 qui
1107 667 1237 723 fabricae
1266 669 1371 745 palatii

265 751 455 830 praepositus
475 759 549 808 erat.
591 749 631 805 Et
652 767 782 806 errorem
799 757 900 826 auget,
923 768 991 806 cnm
1008 751 1091 810 illins
1113 771 1256 829 magnam
1277 753 1370 810 fuisse

267 835 446 913 dignitatem
467 830 581 891 credit:
603 831 685 912 quod
706 843 902 912 ante·regem
923 831 1148 894 Theodericum
1165 857 1287 894 auream
1308 839 1370 894 vir-

266 940 340 998 gam
358 929 479 997 gestans
494 919 623 997 'primus
644 916 807 978 incederet.
849 919 1123 994 messuerimus,
1150 926 1292 1000 primus,
1320 923 1371 978 in-

269 1005 353 1083 quit,
384 1005 462 1062 inter
479 1003 627 1081 obsequia
647 1025 825 1081 numerosa,
853 1001 912 1063 hoc
934 1016 996 1082 est,
1025 1025 1084 1064 non
1106 1009 1185 1064 inter
1205 1007 1372 1086 singulares

269 1099 300 1146 et
328 1089 594 1167 primariosriros
622 1091 778 1167 patricios,
809 1101 961 1150 senatores
989 1101 1019 1149 et
1045 1093 1231 1149 consulares.
1273 1095 1373 1149 Aurea

267 1193 340 1231 vero
361 1175 446 1251 virga
467 1183 514 1231 est
537 1193 630 1255 quem
652 1171 785 1234 cedinus
808 1175 982 1238 ὃικανίκιον
1004 1178 1154 1255 appellat,
1181 1177 1372 1233 interioribus

268 1260 363 1316 etiam
389 1256 544 1318 ordinibus
564 1256 688 1316 honoris
708 1278 780 1337 ergo
802 1278 959 1332 concessa3
987 1261 1079 1346 idque
1105 1280 1146 1320 ex
1166 1259 1276 1320 eodem
1298 1262 1372 1318 Cas-

267 1342 382 1402 sinderi
413 1345 482 1402 loco
509 1343 651 1421 colligere
678 1353 736 1402 est.
785 1343 872 1416 Quod
901 1343 1037 1452 foediore
1063 1347 1153 1426 lapsu
1179 1345 1373 1426 comprobare

268 1428 376 1501 nititur
394 1447 436 1486 ex
456 1428 604 1508 corippo·

381 1515 501 1572 Par
522 1524 628 1571 extans
648 1514 749 1590 curis,
770 1513 838 1570 eolo
858 1509 1032 1574 diademate
1052 1511 1171 1593 dispar.

271 1594 333 1656 Sed
355 1594 415 1656 hoo
438 1596 476 1656 de
498 1599 558 1658 alio
580 1608 627 1657 est
647 1600 876 1676 curapalatii,
904 1598 1046 1658 ordinum
1067 1600 1254 1660 militarium.
1298 1602 1374 1674 Par,

267 1693 373 1740 autem
393 1684 501 1763 inquit,
526 1693 557 1741 et
577 1681 687 1763 dispar
706 1702 768 1762 non
790 1686 959 1759 autoritate,
979 1705 1052 1744 nam
1072 1687 1100 1744 is
1114 1692 1185 1744 'erat
1206 1685 1374 1764 praefectus

268 1768 436 1844 praetorio,
464 1778 499 1824 ut
520 1766 620 1825 dicam
649 1767 742 1847 adp
733 1750 801 1833 91
829 1766 885 1829 sed
905 1781 1043 1830 mutuam
1063 1773 1251 1830 Iustiniani
1242 1789 1375 1870 nupera-

265 1853 340 1908 toris
362 1853 622 1926 benevolentiam,
651 1862 682 1911 et
702 1854 841 1910 lustini
832 1855 957 1914 iunioris
980 1875 1021 1916 ex
1041 1877 1143 1918 sorore
1163 1858 1283 1937 nepotis
1303 1855 1388 1931 fide,

266 1946 358 2016 atque
380 1939 473 1994 etiam
494 1935 651 2015 dignitate.
693 1937 770 1994 Nem
792 1936 894 1996 subdit
915 1941 1081 2020 corippus.

473 2053 602 2067 -—-
617 2023 789 2099 Dispositu
809 2043 882 2080 nam
907 2023 1023 2091 Caesar
1043 2045 1134 2086 eras.-

264 2105 404 2186 Denique
432 2106 544 2181 abusu,
574 2109 627 2187 qui
647 2117 846 2187 posteaquam
871 2109 1003 2167 lustinus
1031 2110 1132 2166 senior
1152 2126 1194 2165 ex
1217 2127 1254 2165 eo
1278 2105 1374 2186 gradu

265 2189 306 2248 ad
326 2192 489 2272 imperium
510 2192 661 2267 ascendit,
682 2193 816 2271 primum
837 2195 936 2271 coepit
956 2194 1087 2269 inolere,
1108 2202 1142 2251 ut
1163 2191 1295 2250 officinm
1315 2213 1374 2248 vcu-

265 2277 471 2355 repulatae
454 2276 563 2334 vradus
583 2278 742 2356 proximus
771 2288 850 2336 esset
877 2275 918 2336 ad
946 2279 1067 2357 imperii
1089 2279 1245 2356 fastigium
1265 2298 1374 2355 perre-

264 2361 396 2433 nitendi,
416 2379 603 2442 quamquam
624 2365 766 2421 Caesares
792 2364 876 2441 prius
905 2365 1099 2436 creabantur,
1128 2372 1162 2421 ut
1190 2362 1228 2420 de
1250 2363 1373 2420 Tiberio

265 2449 413 2526 (crippus
436 2450 492 2505 ait
500 2449 522 2505 l.
545 2447 567 2510 4
596 2449 681 2506 etS.
701 2447 889 2526 Nicephorus
911 2447 949 2506 de
970 2451 1123 2507 Mauritio.
1167 2451 1239 2519 Quis
1261 2450 1373 2506 Iustino

265 2532 299 2587 in
323 2552 358 2589 ea
381 2529 528 2610 dignitate
549 2534 727 2592 successerit
748 2551 811 2590 non
839 2533 953 2613 liquet3
982 2533 1037 2592 sed
1061 2535 1219 2592 Iustiniani
1240 2544 1374 2612 tempore

266 2579 457 2696 crrropalatbe
478 2617 600 2674 fuerunt
623 2615 760 2676 eiusdem
779 2628 906 2697 nepotes
926 2620 1098 2692 Marcellus,
1119 2620 1300 2692 Marcianus,
1323 2621 1374 2676 ln-

267 2704 375 2773 stinus,
397 2700 564 2782 dequibus
584 2703 694 2760 infra
685 2722 717 2758 m
740 2705 917 2780 genealogia
939 2705 1114 2774 iustiniani,
1136 2713 1205 2781 post
1226 2707 1374 2761 Iustinum

266 2785 450 2860 Baduarius,
475 2788 632 2862 Tiberius,
663 2797 693 2846 et
713 2789 884 2846 Mauritius.
927 2787 1023 2847 Video
1045 2785 1178 2846 eruditos
1199 2791 1375 2846 virescen-

266 2869 394 2928 fnndere
409 2873 602 2950 praefectum
616 2874 906 2951 praetorianorum,
933 2873 985 2953 qni
1014 2884 1061 2932 est
1081 2894 1157 2930 cura
1177 2874 1316 2950 palatii,
1340 2891 1374 2927 ec

265 2957 454 3034 praesectum
470 2961 707 3034 praetoriorum.
748 2957 810 3016 Sed
833 2957 872 3016 de
892 2955 951 3017 hoc
971 2959 1049 3015 infra
1070 2979 1102 3034 p.
1120 2959 1174 3018 91.

351 3042 387 3098 P
409 3038 515 3113 44,ss
483 3041 652 3102 8Senex
672 3042 854 3122 capularis]
882 3045 987 3100 Annos
1007 3051 1095 3097 natus
1116 3050 1200 3113 octo,
1230 3047 1260 3096 et
1283 3059 1373 3097 sexa·
1414 3055 1417 3060 ·

267 3125 361 3202 ginta.
404 3081 587 3186 Theodorus
608 3131 734 3200 Lector,
763 3124 863 3204 ἄνδρα
883 3118 1106 3204 πρεσβύτατον,
1138 3123 1229 3181 Ιιοιιιο
1254 3128 1310 3202 qni
1332 3122 1376 3181 ad

264 3229 421 3266 summam
440 3222 622 3268 senectutem
640 3214 758 3285 viserit,
779 3210 858 3266 infra
879 3210 1063 3288 Procopius,
1085 3203 1305 3318 ὲσχαιόγερων,
1326 3231 1374 3268 re-

265 3294 349 3373 liqna
373 3289 465 3372 adp.
487 3291 541 3358 45.

350 3380 385 3435 P.
407 3377 514 3453 44,9
482 3377 812 3458 9Analplrabetus]
841 3379 923 3436 Anni
945 3388 1109 3437 excurrunt
1130 3387 1251 3436 centum
1276 3388 1308 3434 et
1328 3380 1376 3434 sl-

265 3463 353 3540 ginti,
376 3483 432 3520 nec
453 3465 602 3542 amplius,
624 3485 666 3522 ex
687 3483 754 3544 quo.
769 3464 952 3523 iustinianus
975 3464 1092 3534 dicitnr,
1115 3473 1146 3519 et
1167 3463 1259 3538 vulgo
1281 3460 1377 3519 lrabe-

265 3559 315 3605 tur
336 3549 581 3627 unalplrabetus:
609 3569 719 3627 nempe
750 3557 819 3625 post
847 3551 1029 3628 impressum
1047 3544 1213 3604 Mediolani
1238 3547 1376 3621 Suidanr,

176 3631 252 3690 918
270 3653 362 3713 quem
381 3636 553 3692 Demetrius
575 3630 796 3709 Chalcondyles
827 3629 865 3688 de
887 3633 1009 3689 Graecis
1038 3633 1145 3689 litteris
1173 3631 1377 3690 benemeritus

268 3717 453 3775 emendavit.
504 3720 651 3777 Desinant
687 3715 797 3775 eruditi
832 3718 1035 3774 iurisconsulti
1065 3715 1202 3775 Andreas
1232 3718 1381 3791 Alciatus,

267 3805 440 3862 Gulielmus
465 3802 623 3878 Budaeus,
653 3805 765 3883 aliique
792 3804 991 3860 Iustinianum
1021 3822 1110 3860 sunm
1135 3803 1264 3861 scribere
1289 3801 1377 3860 indo-

268 3900 352 3947 ctum
374 3909 409 3946 ec
430 3889 521 3967 plane
543 3889 672 3962 rudem3
694 3899 723 3946 et
743 3883 925 3945 mendosum
946 3887 1060 3946 Suidae
1081 3890 1193 3960 locum,
1215 3888 1268 3966 qui
1291 3906 1376 3945 occa-

269 3976 387 4032 sionem
409 3975 470 4033 illis
493 3976 565 4033 fecit
587 3932 715 4047 erraridi,
737 3990 778 4029 ex
800 3969 856 4029 lroc
873 3975 1012 4052 Procopii
1034 3977 1194 4050 corrigant,
1216 3971 1299 4029 unde
1324 3973 1376 4028 illa

270 4061 362 4116 rerba
384 4059 494 4119 Suides
526 4059 682 4132 describit,
710 4051 871 4136 α’μιὶθηιος
895 4053 1080 4139 γραμμάτων
1105 4051 1252 4118 ἁπάντων
1273 4056 1325 4117 καὶ
1346 4053 1378 4118 sd

270 4139 309 4221 dri
336 4141 500 4225 λεγόμενον
529 4139 759 4224 ἀναλφάβητος,
793 4162 869 4222 quae
900 4143 937 4201 de
959 4147 1074 4202 Iustino
1095 4145 1260 4220 Procopius
1290 4141 1379 4214 dixit,

270 4249 332 4285 non
354 4229 392 4286 de
413 4233 589 4290 lustinieno.
633 4233 731 4301 Quem
750 4229 849 4305 fidem
877 4249 968 4287 suam
997 4227 1202 4306 chirographo
1231 4229 1379 4304 scriptam

265 4316 393 4393 proprio
420 4314 465 4372 ad
489 4315 588 4373 sedem
616 4315 819 4394 apostolicam
845 4317 964 4372 misisse
990 4323 1137 4372 testantur
1157 4310 1317 4387 historiae,
1350 4321 1378 4368 et

271 4399 413 4460 Anastius
441 4401 474 4459 in
496 4405 608 4460 loanne
627 4398 771 4460 secundo.
813 4401 904 4459 Recte
927 4398 1039 4459 babent
1060 4418 1166 4459 omnes
1184 4396 1297 4458 Suidae
1326 4416 1378 4456 co-
