3125 4959
566 439 713 510 NOTAE
736 439 963 510 tinnient.
1242 437 1316 514 401

213 627 272 668 nus
300 609 333 667 in
359 605 561 666 collectaneis.
611 599 823 688 Aoysooiuevoc
849 599 1060 680 Ἰοαστινιανδα
1093 601 1151 710 τήν
1181 599 1321 706 δαιιόνην

212 698 274 756 τοῖν
299 689 449 754 τοσούτων
479 684 625 777 χιλιάδων
652 693 717 754 δεῖν
744 691 844 773 ἔκρινε
872 695 989 772 μᾶλλον
1017 685 1062 755 δι’
1083 684 1194 795 όλίγων
1215 686 1322 796 δωρων

214 777 394 858 συμβάλλειν
417 771 558 854 ἀλλήλοις
579 771 651 849 eosic
670 780 733 839 cciv
754 773 897 840 toves*
876 779 1040 881 αρχοντας.
1068 776 1123 838 ἵνα
1152 769 1243 850 αότδς
1267 773 1324 856 μὲν

212 859 286 944 μα’τε
306 867 436 924 τοσαῦτα
450 863 573 946 δαπανᾷ
594 857 689 936 εἰς
658 884 710 925 ιον
731 859 854 943 στρατόν
876 856 935 942 μήτ
934 855 1090 940 ’όχλειταε
1109 857 1238 967 ρρέμιιων
1260 881 1317 925 κατ

213 925 323 1024 αότοῖν,
343 947 454 1009 ἐκεῖνοι
475 943 509 1007 δὲ
530 923 673 1027 ἀλλήλοις
693 946 784 1009 αἴτιοι
804 949 928 1029 φθορᾶς
949 941 1128 1030 μίνσινεο,δ
1123 942 1229 1026 δῆτα
1249 944 1326 1021 τέως

212 1030 262 1095 tet
289 1038 353 1104 τοῖς
381 1031 501 1094 ἐκεῖθεν
526 1035 582 1093 τοῦ
600 1028 721 1109 Ἴστρον
744 1027 876 1105 Οὔννσις
905 1030 1057 1110 ἐποίησεν.
1098 1027 1237 1113 Ἔγραψε
1265 1025 1325 1114 μδρ

210 1112 287 1196 πρός
308 1115 363 1177 ἕνα
383 1121 446 1177 τῶν
467 1111 638 1216 οἷρχόνεων,
659 1112 706 1180 ὅτι
727 1140 769 1202 ιρι
757 1114 971 1200 ‘unctuosa‘
949 1120 1038 1222 onais
1059 1112 1208 1218 ιιὲιιομφα
1229 1115 1324 1196 δῶρα,

211 1199 263 1264 noi
285 1197 399 1282 ἔγω
366 1223 421 1281 μεν
439 1194 535 1263 σλ”
474 1223 627 1304 οιομενος
644 1179 769 1264 εἶναι
738 1225 789 1264 τον
804 1202 957 1279 κρείττονα
974 1196 1024 1264 δια
1040 1195 1177 1264 sisoim
1193 1200 1324 1308 ἔγραψα,

212 1285 313 1365 ἕτερος
334 1284 368 1347 δι’
394 1309 440 1360 τις
445 1278 605 1393 ἆφελλετρ
623 1292 717 1349 ταῦτα
739 1289 793 1394 βλρι
819 1286 915 1370 λέγων
935 1285 1047 1360 insieco
1069 1279 1151 1347 εἶναι
1163 1287 1324 1391 κρειττων.

211 1366 396 1432 Σπούδασον
419 1363 477 1432 odo
498 1367 544 1434 ὅτι
565 1368 605 1434 oei
624 1366 749 1436 ndreae
767 1347 940 1474 διεερλχεις,
967 1370 1018 1432 ιιαὶ
1039 1364 1122 1476 λόβε
1133 1365 1172 1431 eoi
1190 1364 1323 1452 οἶφαιρε·
1339 1374 1429 1432 stes

133 1474 138 1482 ’
211 1455 309 1517 θέντα
329 1451 577 1536 τιμωρησάμενος
597 1452 692 1522 adedo
719 1453 795 1520 need
817 1451 918 1539 λόγον.
963 1457 1006 1518 Εἰ
1026 1453 1058 1517 δὲ
1081 1479 1121 1535 μη
1142 1459 1232 1517 τοῦτο
1253 1478 1327 1518 ποι·

211 1534 308 1626 ajone,
335 1537 513 1619 εὔδηλον”
494 1565 541 1604 οτι
570 1541 697 1605 ἔστιν’
678 1567 694 1606 o
724 1545 850 1644 μείζων,
880 1539 931 1603 ιιαλ
960 1535 1083 1611 πάντως
1108 1537 1197 1618 ἡμεῖς
1217 1538 1416 1604 ἐκείνωλὸδ

211 1620 473 1730 προσκεισόμεθα,
503 1625 555 1689 noi
576 1623 616 1690 ον’
637 1621 812 1734 στερηθήσῃ
838 1618 1002 1690 τοσοότων.
1049 1626 1150 1687 Tunes
1171 1621 1284 1728 μαθων
1302 1605 1326 1688 6

214 1702 335 1783 Οόννος
360 1707 502 1811 ἐκρότησε
529 1705 661 1818 πόλεμρν
687 1709 762 1774 nesci
785 1717 845 1775 τῶν
860 1709 1040 1818 δμοεθνων.
1082 1704 1195 1771 nni
1155 1732 1252 1784 ουτως
1274 1708 1326 1774 διεδ

212 1791 292 1858 πολδ
317 1790 469 1875 μαχόμενα
490 1800 585 1858 ταῦτα
605 1821 643 1859 τα
631 1793 790 1877 isivn‘
768 1821 813 1860 vn
817 1791 989 1878 ἀ’λλήλων
1011 1789 1180 1860 αἰιοόλσντο.
1222 1797 1327 1855 Revo-

213 1901 291 1937 cans
311 1879 357 1938 ad
382 1881 536 1940 calculum
559 1881 753 1942 lastinianus
777 1903 858 1962 quae
877 1880 1156 1962 expendebantur'
1143 1901 1178 1938 en
1198 1890 1244 1939 tot
1264 1881 1329 1938 rni-

212 1965 306 2023 litum
328 1967 575 2046 multitudinem,
597 1967 753 2026 iudicavit
773 1970 877 2047 magis
897 1965 1035 2046 expedire
1053 1967 1168 2046 paucis
1188 1967 1330 2024 muneri·

212 2049 272 2107 bus
292 2055 445 2107 concitare
464 2055 545 2109 inter
564 2073 595 2109 se
608 2053 811 2111 barbarorum
825 2051 974 2127 tribunos,
996 2071 1093 2130 quom
1114 2060 1159 2107 tot
1175 2052 1328 2128 pecunias

211 2136 246 2192 in
272 2137 449 2206 exercitum,
479 2137 535 2212 qui
560 2139 595 2192 in
616 2157 665 2192 eos
686 2135 901 2192 immittendae
921 2146 1012 2208 esset,
1042 2137 1208 2207 insumere,
1229 2153 1325 2214 eaque

212 2238 286 2276 cura
313 2221 440 2290 vexari‚·
469 2221 586 2296 quol
559 2220 611 2276 illi
637 2222 690 2277 sui
709 2220 819 2298 forent
846 2222 989 2276 interitus
1014 2229 1147 2276 autores.
1191 2216 1231 2277 ld
1249 2238 1326 2276 sans

213 2301 362 2361 adversus
373 2305 505 2361 Hunnos
518 2304 608 2381 fecit,
632 2307 734 2382 quiin
755 2306 854 2362 altera
868 2315 942 2362 sunt
960 2305 1030 2381 ripa
1043 2299 1195 2364 Danubii.
1240 2291 1326 2362 Nam

213 2391 338 2488 scripsit
359 2386 404 2445 ad
423 2409 522 2446 unum
542 2411 576 2445 ee·
591 2389 738 2446 tribunis:
760 2409 890 2452 munera
907 2399 1040 2446 vestrum
1055 2389 1326 2486 praestantissimo

213 2476 297 2546 misi,
317 2485 344 2530 te
364 2493 432 2532 vero
455 2472 597 2532 omnibus
613 2474 788 2533 antecellere
807 2484 907 2547 ratus,
926 2472 1005 2530 haec
1018 2469 1063 2528 ad
1082 2483 1111 2530 te
1127 2473 1329 2550 potissimum

214 2557 378 2620 destinavi.
420 2559 467 2615 At
487 2559 582 2631 alius,
606 2569 642 2616 ut
666 2558 781 2626 audio,
805 2562 839 2616 αι’
860 2581 897 2616 eu
919 2556 1053 2634 diripuit
1073 2578 1105 2614 se
1121 2559 1332 2635 praestantis-

214 2647 326 2700 simum
349 2663 410 2698 esse
423 2640 580 2698 dictitans.
629 2645 729 2701 Tuum
751 2664 822 2716 ergo
843 2647 901 2699 erit
920 2639 1061 2700 studium
1083 2638 1333 2722 ostenderequod

214 2728 304 2806 longe
326 2730 452 2783 coeteris
473 2726 612 2783 excellas.
658 2728 751 2786 Sume
773 2726 833 2783 tibi
853 2726 979 2799 ablata,
1009 2735 1038 2781 et
1059 2725 1151 2782 illum
1173 2727 1328 2802 ulciscere,
1390 2783 1392 2786 .

215 2825 251 2870 ut
268 2833 330 2890 por
351 2821 406 2870 est·
451 2809 545 2888 Quod
564 2813 627 2869 nist
621 2812 772 2909 feceris,
796 2810 891 2888 piane
910 2808 1111 2887 manifestum
1133 2810 1205 2886 erit,
1234 2810 1328 2868 illum

211 2909 388 2978 pt·;aestarc
412 2917 508 2975 quare
528 2917 584 2955 nos
599 2894 722 2975 quidem
744 2917 772 2952 ει
767 2896 977 2972 ’βἀνεὺίιιιιιι,
998 2905 1032 2952 tu
1054 2914 1124 2951 aero
1144 2855 1236 2952 etieim
1255 2914 1328 2951 mu·

215 2982 340 3041 neribus
366 2981 545 3060 prisnberis.
587 2983 651 3040 His
672 2977 795 3039 auditis
816 2982 954 3040 Hunnus
974 2979 1121 3038 bellum'
1109 3000 1143 3036 in
1164 2999 1239 3036 suos
1264 2999 1328 3063 po-

211 3069 342 3148 pulsares
362 3070 530 3140 εασὶειινίλ,
555 3069 659 3145 sicque
682 3089 718 3124 ea
736 3088 814 3146 gens
836 3065 995 3124 diutuenis
1018 3075 1046 3121 et
1068 3065 1221 3122 intestinis
1241 3057 1330 3120 bellis

216 3152 315 3216 deleta
330 3163 382 3214 est
426 3151 539 3210 lisdem
561 3153 705 3210 artibus
696 3173 729 3210 ιιι
749 3149 927 3209 Sandiclnm
951 3161 981 3208 et
1001 3149 1210 3227 Zeberganem
1229 3149 1330 3206 Cotti·

216 3257 359 3315 gut-orum
380 3236 518 3295 tribunos
539 3257 611 3296 usus
635 3249 697 3309 est,
730 3248 764 3294 nt
788 3238 921 3315 explicet
942 3232 1134 3313 Agathiesl.
1157 3235 1187 3308 5,
1211 3243 1240 3291 et
1262 3235 1330 3291 Me·

215 3321 331 3380 nander
354 3323 545 3379 Protector
537 3343 568 3378 ιιι
592 3323 715 3401 eclogis
738 3324 791 3400 qui
817 3331 846 3378 et
867 3321 1002 3393 Abatos,
1031 3322 1146 3399 inquit,
1176 3313 1330 3399 ἠφανισεν

215 3403 268 3479 621,
289 3405 339 3464 del
326 3409 446 3464 levisset
458 3407 706 3511 Ιοεείιιίοιιιιι,’
683 3406 743 3485 si'ys
765 3402 853 3490 μή
824 3429 865 3466 τω
855 3399 1070 3487 όφειλομένῳ
1089 3402 1166 3464 τέλει
1185 3403 1331 3486 πρότερον

215 3486 369 3574 ἠφάνιστο
392 3485 499 3569 edesio,
521 3494 584 3548 nisi
606 3495 671 3570 ipse
688 3493 795 3589 prius·
803 3468 899 3548 meirte
920 3489 1035 3548 deletus
1048 3489 1178 3564 suisset.

302 3580 337 3634 P
356 3579 413 3652 72,
436 3581 466 3640 6.
510 3577 661 3636 Immunes
677 3579 832 3654 pecunias
849 3573 976 3654 perdita
997 3575 1209 3652 munificentia
1230 3572 1329 3650 largi·

217 3672 270 3720 tus
286 3661 353 3740 est]
364 3665 399 3718 ln
420 3664 536 3721 libris
527 3665 611 3742 ipsis,
634 3682 710 3743 ιμιοι
731 3663 899 3721 lastiniano
920 3657 1065 3739 legendos
1079 3660 1244 3764 Procopius
1264 3668 1328 3723 tra,-

218 3747 311 3820 didit,
334 3745 417 3804 idem
438 3746 548 3822 hebet,
571 3748 644 3806 etl.
667 3748 697 3807 8.
731 3738 848 3808 Odvvot
870 3746 954 3825 δῶρα
976 3739 1072 3807 πολλοὶ
1096 3738 1156 3848 pind
1177 3745 1239 3804 πᾶν
1263 3739 1329 3813 ἔτος

216 3830 292 3911 πρὸς
314 3829 458 3912 βασιλέως
479 3793 665 3912 ιιομλζονται,
687 3856 739 3893 ιιαι
760 3831 971 3910 διαβαίνοντες
991 3824 1126 3908 ποταμόν
1138 3825 1253 3902 Ἵστρον
1274 3847 1329 3885 κα·
1347 3867 1348 3872 1

216 3916 381 3978 ταθὲοασιν
402 3915 542 3979 ἐσαελ
504 3943 563 3998 την
584 3915 687 3999 βασιλέ
688 3941 728 3994 ως
748 3911 865 3995 χώραν,
888 3914 1051 3977 ε’νσιεονδοί
1067 3936 1098 3974 τε
1118 3937 1169 3973 και
1159 3907 1329 4008 πολέμιρι

215 3993 410 4081 Ῥωμαίοις’
400 3997 494 4074 όντες.
547 4003 656 4061 Hunni
679 4004 810 4081 plurimi
839 4002 1005 4079 quotannis
1033 4019 1054 4055 a
1078 3997 1217 4093 principe
1246 3996 1330 4052 ucci-

211 4089 310 4184 piant
337 4085 502 4163 donativa,
532 4109 726 4168 quamquam
746 4086 932 4145 Danubium
958 4085 1158 4160 transgressi,
1183 4091 1329 4176 perpetuo

218 4174 250 4228 in
272 4173 466 4249 imperatotis
486 4169 631 4231 ditionem
654 4183 834 4244 excurrunt,
855 4192 970 4248 semper
983 4164 1127 4245 foedera,
1156 4185 1332 4242 semperque

217 4256 402 4314 inimicitias
422 4280 490 4316 eum
505 4259 659 4316 Romanis
679 4268 850 4316 exercentes.
892 4258 972 4314 Toto
994 4253 1041 4310 sui
1056 4250 1176 4328 imperii
1193 4259 1332 4330 tempore

218 4338 251 4396 id
273 4341 457 4400 lastinianus
480 4345 647 4417 commisit,
677 4342 732 4401 sed
754 4363 824 4400 cum
845 4357 999 4399 senescere
1021 4336 1137 4413 coepit,
1160 4344 1251 4414 atque
1275 4333 1331 4391 de-

218 4423 314 4482 sidiae
342 4446 375 4483 se
399 4425 528 4506 dedere,
558 4428 633 4488 haec
662 4448 723 4488 una
750 4429 798 4486 illi
822 4425 862 4486 ad
882 4422 1018 4484 hostium
1039 4423 1102 4482 vim
1125 4418 1334 4501 repellendam

264 4517 409 4586 Prosopites
432 4520 487 4575 tn.
783 4558 784 4561 ι
1078 4506 1123 4567 26
