3125 4959
585 421 731 490 notan
754 423 982 496 nunaunt.
1258 421 1333 497 421

230 587 309 646 ntrlli
331 585 431 646 eidem
450 585 583 644 fuerumt.
625 584 729 645 Sancti
744 585 844 646 Sabae
863 589 1060 666 precibusne
1081 590 1132 650 vel
1151 609 1249 650 nasum
1264 593 1334 672 qui-

230 671 316 747 dem,
338 685 372 732 ut
392 673 469 730 iufra
491 669 642 744 dicemus,
668 675 828 751 impetrare
849 677 948 752 potuit
968 694 1086 734 marem
1107 679 1193 756 regni
1214 696 1336 737 succes-

228 777 338 816 sorem.
380 760 425 815 Ea
445 759 510 836 ipsa
527 758 661 814 loemina
682 769 870 836 praemature
891 759 975 834 obiit,
998 771 1089 842 atque
1113 766 1205 821 ctiam
1226 759 1335 821 Theo·

228 842 300 900 dora
323 845 417 900 vitam
438 843 539 900 amisit
561 844 768 922 quinquennio
789 856 951 923 antequam
973 848 1079 925 quitata
1100 846 1236 930 synodus
1251 849 1334 908 Con-

226 929 421 1006 stantinopoli
448 927 664 1000 celebraretur,
695 929 780 988 cuius
810 940 908 1007 patres
937 949 955 987 a
984 930 1249 1009 Pseudogordiano
1278 935 1334 990 illo

225 1016 320 1070 vitam
345 1010 527 1071 Theodorus
558 1012 723 1092 libensque
752 1015 818 1072 eius
848 1024 1002 1093 precantes
1029 1015 1227 1078 inducuntur.
1269 1015 1334 1078 Sed

224 1098 303 1156 inira
325 1099 412 1177 plura
433 1095 471 1155 de
491 1099 614 1155 illarum
636 1099 833 1177 epistolarum
854 1102 1029 1177 impostura.

308 1185 344 1240 P.
365 1183 425 1257 81,
447 1185 477 1244 6.
522 1183 716 1241 Monachum
741 1181 796 1242 deo
824 1187 987 1262 insigniter
1010 1184 1156 1264 gratum]
1189 1187 1333 1246 chImus

224 1267 270 1323 vir
290 1269 426 1342 eximus,
453 1269 538 1326 cuius
560 1265 678 1326 diversa
700 1271 865 1328 sanctitatis
886 1280 1082 1328 monumenta
1103 1272 1229 1348 exponit
1248 1273 1333 1328 Era-

224 1354 306 1428 grius
328 1354 350 1410 l.
372 1351 394 1416 4
416 1355 484 1414 c.7
509 1349 528 1409 ve
549 1355 644 1432 Lycia
668 1351 835 1412 destinatus
863 1365 907 1413 est
929 1352 969 1413 ad
990 1357 1206 1428 Iustiniannnr,
1234 1364 1270 1412 nt
1295 1356 1332 1413 in

222 1438 336 1496 stavell.
359 1437 379 1500 5
402 1457 428 1495 c.
449 1439 483 1498 2.
526 1438 622 1498 Sabas
643 1436 736 1498 bomo
759 1440 885 1497 celebris
906 1443 1123 1498 sarrmnnoniae
1145 1461 1162 1497 a
1183 1440 1332 1498 Palaesti-

223 1524 270 1580 nis
293 1521 333 1580 ad
353 1521 486 1596 eursdem
507 1533 552 1581 est
573 1525 735 1602 allegatus,
765 1535 799 1583 ut
829 1525 931 1583 scribit
952 1527 1084 1604 cyrillus
1106 1521 1332 1604 scythopolita-

222 1623 299 1664 nus:
328 1609 404 1665 item
432 1609 495 1666 alii.
538 1609 739 1688 Eutlryrnius,
769 1608 990 1684 Theodosius,⁰
1009 1611 1121 1689 aliique
1149 1611 1336 1668 sanctissimi

221 1691 364 1750 monachi
385 1693 441 1752 sub
458 1695 625 1754 Iustiniana
642 1696 821 1755 llornesunt:
841 1697 956 1755 nullius
976 1705 1080 1754 tamen
1100 1695 1197 1752 lixum
1217 1713 1333 1753 nomen

222 1781 371 1856 expressit
392 1780 568 1858 Procopius.

306 1865 343 1921 Ρ.
363 1861 415 1936 83,
435 1869 466 1928 7.
509 1865 796 1922 Mansuetissimum
823 1863 959 1922 bominis
986 1861 1167 1943 ingenium]
1201 1864 1279 1922 Cum
1301 1864 1335 1921 iu

221 1945 345 2027 reliquis
368 1947 584 2027 pertractandis
604 1951 743 2026 negotiis,
765 1959 833 2007 tunt
853 1951 988 2007 maxirne
1009 1952 1043 2006 in
1065 1946 1332 2026 disputationibus,

220 2032 342 2110 qnando
362 2043 529 2112 temperare
551 2034 683 2092 calorem
703 2035 827 2112 ingenii,
849 2036 999 2114 impetum
1014 2037 1188 2112 reprimere,
1211 2033 1332 2114 sibique

217 2117 368 2194 irriperare
394 2139 543 2199 perquam
570 2117 693 2177 difficile
722 2131 778 2178 est.
822 2121 892 2199 lpse
917 2117 956 2176 de
982 2139 1015 2178 se
1038 2121 1222 2179 iustinianns
1248 2116 1333 2197 apud

215 2201 427 2260 Innocentium
441 2207 652 2262 Maronianum
666 2198 826 2283 aequalem
847 2225 948 2264 suum.
994 2205 1197 2282 Cognouistis,
1217 2204 1330 2281 inquit,

217 2287 344 2363 quantis
361 2287 628 2364 propositionibus
648 2288 909 2366 rationabilibus,
940 2298 969 2345 et
986 2289 1130 2366 pacificis
1152 2305 1224 2344 oum
1245 2287 1331 2344 omni

216 2368 451 2429 mansuetudine
475 2383 503 2428 et
526 2373 684 2450 patientia
700 2372 836 2449 prolatis
864 2393 886 2430 a
906 2371 997 2428 nobie
1019 2373 1196 2450 Episcopus
1216 2371 1330 2430 Philo·

217 2475 314 2533 senus
336 2475 508 2534 persuasus
534 2466 586 2516 est.
629 2457 694 2527 Qua
722 2454 956 2516 mansuetudine
985 2453 1060 2514 adeo
1088 2467 1240 2536 prirestare
1270 2457 1330 2515 sibi

217 2542 283 2618 ipse
305 2541 479 2614 videbatur,
508 2551 542 2599 nt
568 2542 737 2619 Episcopos
763 2545 843 2598 inter
864 2539 1081 2620 disputandum
1102 2540 1142 2598 ad
1165 2561 1234 2599 eam
1254 2539 1331 2601 hor-

216 2629 274 2682 tari
293 2629 405 2683 veritus
426 2645 488 2697 non
510 2628 566 2696 sit3
590 2624 672 2703 quod
693 2624 777 2683 idem
797 2629 991 2687 Maronianus
1012 2629 1181 2706 Episcopus
1202 2627 1306 2685 refert.

300 2710 336 2768 P.
358 2708 410 2782 83,
436 2711 485 2772 10.
530 2705 749 2766 Sacerdotibus
770 2709 975 2789 indulgebat]
1007 2715 1074 2770 Non
1103 2711 1204 2771 solum
1230 2712 1331 2769 aliena

215 2793 449 2873 occupantibus,
472 2803 507 2850 ut
527 2790 578 2850 hic
598 2802 717 2866 narrat,
741 2802 771 2849 et
792 2793 871 2849 infra
892 2797 1131 2854 limessenorum
1152 2797 1332 2855 clericorum

216 2881 360 2959 exenrpla
391 2876 540 2958 explicat:
575 2875 631 2936 sed
660 2880 753 2935 etiam
780 2877 1121 2956 constantinopolitanis
1150 2877 1330 2956 patriarchis
1436 2931 1441 2943 ,

157 3017 160 3024 .
219 2966 412 3024 oecumenici
438 2983 552 3022 nomen
572 2983 627 3042 per
648 2982 800 3022 summam
820 2966 1027 3022 Romanomm
1045 2961 1224 3041 pontificum
1243 2965 1328 3020 iniu-

215 3052 293 3108 riam
317 3050 544 3128 aucupantibus.
588 3046 676 3122 Quod
700 3053 774 3106 cunt
797 3050 913 3127 primus
933 3051 1061 3105 loannes
1082 3047 1250 3126 Cappadox
1270 3066 1328 3105 au-

215 3155 268 3193 sus
289 3135 415 3208 fuisset,
442 3137 508 3212 ipse
530 3135 584 3214 qui
610 3143 677 3191 tum
697 3135 814 3193 tustino
845 3133 997 3192 avunculo
1021 3136 1181 3212 superstite
1202 3153 1322 3212 rempu-

215 3221 327 3276 blicam
360 3217 589 3278 administrabat
622 3237 720 3298 aequo
753 3220 856 3276 animo
892 3219 985 3291 tulit,
1024 3215 1136 3275 deinde
1165 3218 1329 3298 imperium

215 3302 353 3384 adeptus,
376 3314 476 3362 ratum
494 3314 675 3384 gratumque
697 3302 820 3377 babuit,
842 3303 965 3382 suisque
985 3303 1105 3381 legibus
1124 3305 1329 3382 pensiciossnu

214 3410 328 3448 nomen
351 3391 512 3467 inscripsit.
555 3392 653 3460 Quare
674 3389 879 3446 iurisconsulti
900 3388 1005 3446 multis
1027 3399 1152 3467 parcant
1178 3391 1328 3469 interpre-
1345 3396 1368 3450 Α
1384 3398 1416 3451 71

214 3475 389 3549 tationibus,
412 3495 483 3532 cum
500 3475 693 3536 oecumenici
712 3491 826 3532 laomen
844 3473 1178 3552 Constantinopolitano
1198 3477 1329 3553 patriar-

214 3559 290 3618 chae
312 3559 499 3621 attributum.
542 3563 578 3618 ln
600 3559 759 3625 Iustiniani
780 3558 1041 3617 constitutionibus
1062 3556 1231 3618 offendunt.

298 3646 334 3702 P.
357 3648 415 3718 83,
442 3649 491 3708 12.
535 3648 572 3705 Si
599 3642 724 3724 quondo
753 3637 936 3702 huiuamodi
965 3663 1082 3700 causas
1113 3641 1368 3723 cognoscerei]1‘
1388 3655 1432 3710 141

214 3727 333 3788 Eadem
361 3730 484 3788 licentia
519 3748 625 3789 causas
659 3731 930 3788 ecclesiasticorum
958 3723 1143 3787 lastinianus
1174 3730 1326 3806 cognorit,

215 3834 277 3896 qna
304 3813 414 3874 iisdem
442 3815 527 3892 leges
556 3815 760 3893 praescribere
790 3833 880 3873 ausus
909 3821 973 3887 est3
1009 3833 1067 3872 nec
1089 3814 1194 3875 ,solnm
1222 3815 1327 3873 civiles

214 3919 340 3976 causas,
361 3898 416 3960 sed
437 3902 529 3958 etiam
550 3901 706 3978 religionis
728 3911 759 3960 et
781 3901 997 3960 controversias
1020 3897 1139 3959 deiide
1161 3898 1220 3958 sibi
1239 3919 1326 3959 surn-

213 3989 284 4066 psit,
303 3984 531 4068 gaudebatque,
552 3996 588 4043 ut
608 3987 766 4046 Liberatus
788 3989 840 4059 ait,
861 4005 893 4042 se
914 3981 952 4042 de
972 3985 1092 4044 talibus
1112 3987 1218 4044 causis
1238 3982 1326 4042 iudi-

213 4072 300 4130 cium
311 4072 412 4152 serre;
435 4071 511 4131 adeo
530 4080 565 4130 ut
587 4070 624 4127 ab
647 4073 795 4151 episeopis
816 4089 1035 4150 saepenumero
1056 4071 1185 4148 scriptis,
1207 4071 1327 4147 gravis-

214 4158 362 4238 simisque
387 4158 504 4232 verbis,
536 4166 566 4214 et
588 4157 719 4215 aliorum
740 4160 903 4216 (laesarum
925 4156 1067 4236 exemplo
1089 4157 1225 4214 monitus
1246 4152 1326 4212 nibil

214 4246 347 4302 cesserit.
398 4241 558 4302 Facundus
586 4244 845 4302 llerrniniaueusis
875 4240 1094 4302 duodecimum
1122 4243 1188 4307 eius
1225 4242 1325 4320 operis

213 4328 325 4386 librum
347 4328 430 4410 quod
452 4327 491 4388 de
512 4328 607 4388 tribus
630 4329 778 4410 capitibus
799 4327 967 4388 iustiniano
988 4328 1188 4406 nuncupavit,
1212 4327 1245 4382 in
1265 4323 1325 4382 hoc

214 4425 428 4494 argumentum
448 4415 584 4476 insumit.
628 4417 678 4475 En
696 4434 757 4497 quo
778 4415 856 4475 libro
877 4414 1008 4495 paucula
1030 4412 1164 4473 delibare
1185 4409 1226 4470 ad
1247 4408 1325 4470 barac
