3125 4959
259 449 334 520 388
607 445 662 514 ΙΝ
678 445 788 514 alst,
811 445 1007 514 ‘racanati

257 620 431 696 potuerunt.
473 612 626 672 Praesenti
648 613 802 673 sanctione
823 612 1057 672 clementissima
1077 612 1244 694 principale
1268 612 1362 671 bene-

257 701 361 758 ticimn
382 701 427 755 eis
447 698 503 756 sub
530 719 564 754 ea
587 699 654 776 lege
680 697 905 773 condonamus,
935 709 969 758 ut
995 701 1023 757 ai
1051 697 1195 758 derelicta
1223 697 1304 757 rnala
1334 707 1364 756 et

257 783 420 842 inhonesta
440 785 673 854 conversatione,
694 783 934 845 commodiorem
951 785 1045 842 vitant
1062 779 1223 866 amplexae
1240 783 1363 856 fuerint,

256 867 467 948 honestatique
486 866 721 944 sese‘dederlut3
743 871 831 945 liceat
855 871 899 929 eis
920 867 1021 930 nost'ro
1042 873 1213 950 supplicare
1233 870 1364 941 numini,

256 964 293 1014 ut
314 951 558 1012 divinos-affatus
578 958 644 1013 sine
665 953 757 1014 dubio
778 965 968 1030 mereantur,
997 953 1038 1013 ad
1058 956 1287 1016 matrimonium
1314 972 1366 1010 eas

257 1042 360 1100 venire
379 1040 588 1118 permittentes
609 1039 798 1118 legitimum:
824 1043 879 1116 iis,
909 1043 963 1120 qui
990 1043 1034 1098 eis
1060 1037 1261 1119 coniungendi
1284 1048 1365 1112 saun,

256 1125 342 1184 nullo
362 1127 469 1182 timore
490 1124 646 1197 tenendis,
668 1146 708 1185 ne
729 1129 813 1186 scitis
835 1127 1067 1206 praeteritarum
1085 1126 1189 1204 legum
1210 1124 1367 1182 infirmum

257 1229 322 1268 esse
343 1205 481 1267 rideatur
497 1211 562 1269 tale·
581 1214 776 1290 coniugium,
801 1210 857 1270 sed
877 1213 921 1269 lta
942 1207 1079 1291 validum
1097 1207 1274 1268 huiusmodi
1294 1229 1367 1288 per-

255 1313 377 1352 manere
404 1297 638 1355 matrimonium¹
662 1294 900 1370 confidentibus,
935 1296 1023 1374 qnasi
1051 1295 1137 1352 nulla
1168 1291 1367 1373 praecedente

253 1377 415 1437 inhonesta
435 1381 499 1437 vita
518 1399 631 1440 uxores
651 1400 703 1439 eas
720 1379 879 1438 duxerint:
902 1381 966 1438 sive
984 1378 1130 1458 dignitate
1148 1376 1278 1458 praediti
1296 1380 1366 1451 siut,

251 1466 318 1524 aive
340 1464 400 1521 alio
421 1462 513 1522 modo
534 1466 668 1524 scenicas
688 1467 721 1522 in
747 1467 977 1522 matrimonium
998 1462 1108 1522 ducere
1134 1461 1366 1542 prohibeantur3

253 1547 329 1608 dum
347 1559 451 1606 tamen
473 1547 622 1606 dotalibus
645 1546 821 1608 omnimodo
849 1549 1056 1606 instrumentis
1077 1567 1138 1606 non
1160 1551 1225 1606 sine
1247 1549 1365 1625 scriptis

252 1635 315 1692 tale
341 1634 484 1712 probetur
514 1636 700 1712 coniugium.
742 1636 821 1692 Nam
844 1634 929 1694 omni
950 1633 1070 1690 macula
1096 1634 1217 1712 penitus
1239 1631 1365 1710 direpta,

252 1729 285 1778 et
312 1720 401 1798 quasi
430 1719 493 1776 suis
518 1719 670 1778 natalibus
691 1713 869 1775 huiusmodi
891 1717 1070 1775 mulier-ibus
1098 1715 1238 1791 redditis,
1266 1736 1365 1796 neque

252 1803 438 1863 vocabulum
456 1799 652 1861 inhonestum
673 1804 718 1861 eis
738 1799 897 1860 inhaerere
919 1800 957 1859 de
979 1812 1096 1859 caetero
1121 1802 1279 1875 volumus3
1310 1821 1365 1858 ne-

251 1909 313 1970 que
332 1885 536 1946 dilierentiam
553 1889 689 1968 aliquam
709 1906 762 1946 eas
780 1884 893 1945 babere
913 1905 984 1944 curn
1001 1888 1049 1960 iis,
1072 1905 1150 1966 quae
1169 1885 1249 1944 nibil
1266 1886 1366 1944 simile

250 1981 464 2054 peccaverunt.
507 1969 571 2030 Sed
596 1983 629 2030 ‘et
658 1971 768 2031 liberos
796 1991 837 2030 ex
865 1971 918 2029 tali
940 1974 1134 2029 matrimonio
1155 1969 1366 2050 procreandos,

251 2078 324 2119 suos
346 2068 378 2115 et
404 2059 555 2135 legitimos
582 2057 660 2136 patri
682 2074 768 2116 esse:
794 2058 867 2114 licet
888 2057 965 2115 alios
987 2076 1027 2114 ex
1053 2059 1153 2136 priore
1174 2058 1366 2116 matrImouio
1396 2071 1397 2074 ’

249 2145 405 2222 legitimos
426 2140 553 2200 habeat:
575 2153 609 2200 ut
628 2142 709 2200 bona
730 2143 795 2201 eius
816 2151 881 2200 tam
903 2143 941 2199 ab
962 2144 1120 2217 intestato,
1142 2161 1235 2222 quam
1257 2161 1299 2199 ex
1318 2150 1366 2198 te-

250 2239 412 2302 stamento,
434 2230 485 2286 isti
504 2246 625 2308 quoque
646 2229 711 2285 sine
732 2227 797 2285 nllo
818 2225 1038 2306 impedimerito
1060 2229 1214 2306 percipere
1237 2229 1364 2306 possint.

250 2313 315 2374 sed
344 2323 375 2370 et
404 2315 432 2370 si
457 2313 534 2371 tales
561 2313 706 2371 mulieres
735 2322 805 2391 post
831 2309 971 2370 divinum
1001 2315 1179 2392 rescripttun
1200 2309 1240 2370 nd
1261 2329 1365 2390 preces

252 2418 357 2456 earam
378 2395 502 2472 datum,
529 2396 571 2455 ad
592 2399 822 2456 matrimonium
843 2395 1157 2471 reniredistulerint,
1180 2398 1299 2458 salvam
1321 2399 1364 2452 eis

251 2482 452 2541 nibilominus
481 2482 738 2541 existimationem
765 2485 879 2541 servari
911 2485 1114 2561 praecipimus
1142 2492 1206 2538 tam
1235 2483 1268 2537 in
1297 2482 1364 2537 aliis

252 2567 405 2640 omnibus,
427 2584 520 2646 quam
541 2566 581 2624 ad
597 2564 860 2624 transmittendam
879 2568 989 2646 quibus
1011 2567 1162 2625 voluerint
1184 2584 1270 2624 suam
1292 2565 1365 2624 sub-

253 2655 412 2724 stantiam,
444 2660 474 2707 et
503 2648 728 2728 suscipiendam
753 2661 977 2730 competentem
1005 2652 1063 2709 sibi
1089 2650 1208 2730 legibus
1232 2651 1270 2707 ab
1298 2652 1365 2732 aliis

253 2738 407 2809 relictam,
429 2735 478 2796 rel
499 2735 538 2792 ab
559 2737 701 2795 intestato
724 2733 856 2794 delatam
878 2734 1108 2796 hoereditatem..
1149 2735 1272 2794 Similes
1293 2755 1364 2793 raro

252 2822 314 2881 tale
344 2820 532 2879 merentibus
564 2821 602 2877 ab
633 2823 815 2900 imperatore
847 2821 1028 2879 beneficium
1058 2821 1259 2895 mulieribus,
1297 2822 1365 2877 illas

251 2909 345 2965 etiam
373 2925 439 2964 esse
466 2905 627 2980 volumus,
659 2925 737 2986 quae
758 2904 939 2983 dignitatern
966 2908 1101 2984 aliquam
1121 2905 1253 2978 habent,
1282 2917 1313 2962 et
1340 2905 1366 2962 si

251 3009 315 3049 non
344 2993 536 3048 serenissimo
558 2992 688 3068 principi
709 2991 962 3068 supplicaverint,
991 2991 1162 3046 ultroneam
1183 2999 1286 3048 tamen
1309 2987 1365 3046 do-

252 3076 408 3133 nationem
430 3085 500 3131 aute
528 3075 759 3131 matrimonium
779 3076 961 3146 meruerint,
992 3092 1032 3129 ex
1063 3092 1123 3152 qna
1143 3071 1305 3150 dignitate,
1336 3084 1365 3133 et

253 3161 347 3217 aliam
368 3161 461 3215 etiam
482 3177 606 3216 omnem
628 3157 798 3229 maculam,
826 3177 881 3236 per
902 3176 994 3237 quam
1012 3161 1101 3216 certis
1122 3155 1297 3216 hominibus
1318 3159 1366 3216 le·

253 3246 360 3322 gitime
384 3245 528 3321 coniungi
553 3243 696 3300 mulieres
717 3239 930 3321 probibentur,
958 3241 1072 3299 aboleri
1092 3246 1214 3321 penitus
1235 3255 1365 3323 oportet.

253 3332 309 3388 llis
329 3327 407 3386 illud
429 3326 639 3405 adiungimus,
661 3337 696 3383 nt
717 3336 747 3384 et
768 3326 848 3385 filiae
870 3324 1046 3384 huiusmodi
1066 3329 1246 3404 mulierum,
1268 3332 1365 3410 siqui-

164 3413 329 3475 alodem
356 3423 425 3492 post
453 3416 704 3492 expurgationem
731 3414 840 3490 prioris
869 3415 949 3470 vitae
977 3415 1069 3470 matri
1089 3433 1162 3472 suae
1186 3423 1278 3472 natae
1295 3419 1367 3490 sint,

253 3518 315 3557 aron
342 3496 501 3556 videantur
529 3501 716 3558 scenicarum
745 3517 811 3556 esse
838 3496 936 3571 filiae,
967 3517 1023 3554 nec
1053 3498 1208 3556 subiacere
1236 3499 1364 3578 legibus,

254 3604 332 3666 qnae
359 3580 578 3662 prohibuerunt
604 3583 683 3640 lilias
710 3586 899 3640 scenicarum
927 3593 1023 3642 certos
1044 3580 1185 3641 homines
1201 3587 1239 3641 in
1259 3588 1365 3642 matri-

252 3671 393 3728 monium
415 3666 535 3726 ducere.
578 3666 614 3726 Si
634 3685 706 3724 vero
728 3679 797 3726 ante
819 3678 992 3747 procreatae
1013 3670 1088 3741 sint,
1117 3669 1273 3728 liceateis
1294 3690 1364 3748 pre-

253 3774 304 3813 ces
326 3752 522 3811 offerentibus
543 3749 741 3810 invictissimo
753 3755 888 3834 principi
902 3772 1023 3811 saonam
1038 3755 1110 3811 'aine
1126 3753 1280 3813 obstaculo
1302 3755 1364 3814 ullo

252 3841 364 3898 mereri
381 3839 578 3916 rescriptum,
606 3852 663 3916 per
683 3836 765 3916 quod
787 3840 830 3896 eis
851 3841 893 3896 ita
913 3837 1029 3916 nubere
1050 3841 1256 3916 permittatur,
1278 3843 1365 3921 quasi

252 3945 315 3985 non
336 3928 397 3982 sint
418 3924 556 3982 scenicae
577 3922 683 3980 matris
706 3921 802 3981 filiae:
828 3943 884 3981 nec
908 3925 971 3981 iam
992 3921 1209 4002 prohibeantur
1229 3925 1291 3984 illis
1313 3945 1366 3984 co·

251 4011 361 4089 palari,
383 4009 494 4089 quibus
516 4006 652 4066 scenicae
670 4006 758 4080 filias,
780 4009 830 4065 rel
852 4007 1017 4087 dignitatis,
1040 4011 1090 4068 rel
1111 4011 1235 4068 alterins
1257 4029 1366 4069 causae

252 4097 348 4172 gratia
373 4115 484 4153 uxores
508 4091 620 4151 ducere
638 4089 844 4150 lnterdicitur:
874 4105 1031 4152 attamen
1055 4093 1231 4165 omnimodo
1253 4091 1365 4154 dotalia

252 4181 404 4250 intereos
426 4182 740 4257 etiam-instrumenta
762 4177 966 4237 conficiantur.
1011 4177 1075 4238 Sed
1101 4182 1180 4240 etsi
1203 4199 1221 4236 a
1247 4183 1365 4240 scenica

252 4273 348 4320 matre
370 4275 546 4342 procreata,¹=
569 4260 648 4346 quae
668 4280 766 4344 nsque
789 4260 828 4320 nd
850 4274 977 4322 mortem
999 4283 1087 4324 suam
1107 4268 1140 4322 in
1162 4262 1269 4323 eadem
1292 4286 1365 4345 pro-

252 4349 383 4406 fessione
410 4348 579 4428 duraverit,
610 4360 678 4430 post
706 4349 771 4407 eius
795 4348 911 4407 obitum
938 4369 1042 4427 preces
1067 4351 1278 4429 imperatoriae
1300 4353 1365 4409 cle·

253 4434 384 4491 rneutiaa
405 4434 555 4510 obtulerit,
578 4441 608 4493 et
629 4429 766 4494 divinam
786 4431 1009 4512 indulgentiam
1031 4437 1183 4512 meruerit,
1207 4435 1364 4496 liberatio-
