3125 4959
254 478 303 522 xx
565 446 764 517 ALEblllNNl
785 435 1040 515 lttsstettttttt).

256 626 362 688 arama
380 624 522 707 progredi,
548 623 594 687 red
607 630 664 685 telo
675 623 723 685 loc
741 630 852 705 respon
874 622 1024 685 rimatus
1040 620 1171 703 segitem
1183 622 1220 684 ab
1232 644 1284 683 eno
1296 642 1354 683 ran·

258 732 348 790 ailino
357 728 492 807 prraesr'dio
505 726 544 787 ed
556 727 635 787 eliud
649 727 733 787 classe
749 726 937 795 dommus,-
961 726 1028 785 anrle
1043 733 1119 796 tante
1133 731 1251 787 securim
1272 727 1355 785 linitos

258 838 284 891 ct
296 832 428 906 Remum,
451 835 478 889 ct
501 834 605 889 eutero
626 832 715 889 omme
733 830 922 904 ablegarunt.
965 808 1105 889 Peresius
1126 848 1188 889 acro
1202 832 1357 907 primarum

262 932 377 994 Turesim
390 935 528 993 deltoton
539 932 605 991 diro
621 932 735 992 cirtam
749 929 881 989 obediens
899 929 1022 1009 ratpot,
1041 952 1109 1011 puna
1127 933 1175 993 illo
1191 929 1358 1009 Byzantium

260 1034 426 1095 auctomento
432 1075 443 1108 ,
465 1040 547 1114 epm
568 1040 618 1094 ert.
659 1031 735 1093 llaec
763 1027 793 1091 iu
819 1026 966 1113 primarios
990 1030 1158 1107 Senatores,
1188 1043 1217 1093 et
1245 1028 1359 1113 lmperii

261 1134 376 1200 Romani
390 1153 524 1218 proceres
537 1154 640 1196 somma
654 1131 708 1197 sibi
721 1129 923 1195 necessitudine
941 1131 1099 1195 coniunctos
1112 1130 1269 1216 Procopius,
1292 1128 1360 1215 ipsis

262 1236 351 1311 uiris,
386 1231 537 1323 evulgavit.
595 1232 676 1311 Quae
702 1254 771 1296 sano
799 1230 938 1296 scribendi
976 1234 1110 1297 seueritas
1135 1232 1364 1320 quemadmodum

263 1358 392 1426 magnam
407 1333 529 1399 veritatis
545 1332 654 1398 laudem
668 1335 728 1399 eius
741 1334 875 1399 historiae
888 1334 1032 1409 conciliat,
1061 1335 1100 1399 ita
1113 1357 1224 1400 omnem
1235 1344 1360 1397 remorer

260 1438 405 1502 simultatis
419 1435 603 1523 suspicionem
624 1435 826 1524 obiurgationis
838 1449 867 1500 et
887 1458 1022 1501 censurae
1041 1435 1181 1524 gravitas;
1208 1456 1281 1523 quae
1303 1447 1360 1497 tan·

259 1552 315 1604 tom
335 1540 382 1603 ab
405 1538 472 1604 odio
493 1537 736 1604 etmaledieentia
758 1538 855 1615 dieat,
883 1550 1011 1624 qnantum
1038 1537 1158 1602 violatae
1182 1536 1364 1623 Reipublicae

262 1630 408 1725 qurerelns,
448 1638 599 1724 iustumque
625 1638 768 1717 dolorem,
796 1653 834 1721 ⁴et
859 1638 1009 1703 communis
1036 1638 1127 1702 damni
1151 1638 1365 1721 castigationem

262 1754 391 1826 spectaro
405 1738 520 1804 uidetur.
549 1740 631 1819 Quod
645 1763 701 1804 non
715 1742 804 1807 solum
818 1740 846 1804 in
864 1739 1008 1826 prooemio
1028 1745 1090 1804 reio
1105 1735 1286 1806 :cenetens
1307 1740 1362 1801 An·

262 1853 308 1905 tor
322 1842 444 1929 ingenue
460 1840 618 1927 profitetis,
645 1843 696 1905 sed
713 1844 773 1929 ipsa
789 1842 872 1907 etiam
885 1841 1081 1926 repraestitit,
1106 1864 1168 1906 cum
1183 1864 1219 1906 ea
1235 1842 1365 1906 duntaxat

263 1942 462 2007 ‹lolostiniano
480 1946 754 2021 commotaverit,
783 1967 856 2030 quae
872 1943 1001 2030 publicae
1015 1944 1058 2007 rei
1075 1944 1192 2020 damno,
1215 1958 1245 2008 et
1260 1944 1287 2007 in
1300 1941 1364 2006 sob-

263 2046 380 2110 ditorom
394 2045 546 2131 perniciem
559 2046 700 2130 peccarim
728 2045 832 2131 illaque
846 2046 907 2129 ipsa
921 2044 1006 2111 foeda
1026 2044 1148 2105 narratio
1163 2045 1200 2107 de
1210 2042 1366 2127 turpissima

262 2147 433 2209 'Plroodorae
448 2144 505 2208 rita
527 2166 564 2210 eo
577 2146 731 2232 pertineat,
756 2158 784 2211 ut
804 2158 931 2231 quantum
949 2144 1169 2227 arrgostissimam
1188 2141 1297 2228 lmperii
1312 2144 1364 2206 llo·

264 2245 339 2309 mani
354 2245 526 2309 maiestatem
540 2247 704 2312 execrandis
718 2248 819 2333 nuptiis
832 2245 935 2333 primus
955 2234 1115 2324 violaverit,
1130 2242 1365 2312 dehonestaverit·

266 2368 321 2433 qne
335 2346 509 2423 lastinianus,
532 2347 633 2412 clarius
647 2347 798 2435 intelligas

351 2466 433 2546 Quod
446 2477 539 2530 antem
553 2464 725 2529 lastinianum
741 2488 776 2530 ae
791 2466 972 2533 Theodoram
996 2469 1194 2535 sendromines
1211 2464 1297 2529 lorias
1311 2464 1367 2528 bu·

265 2579 310 2631 tor
325 2566 464 2652 appellen
489 2578 532 2630 est
548 2564 594 2651 qui
608 2567 718 2643 credat,
746 2581 868 2632 monstra
892 2557 1038 2636 Poetarum
1057 2592 1172 2636 narrare
1195 2566 1366 2651 Procopium,

265 2682 349 2754 atquo
372 2668 410 2731 ita
430 2689 507 2731 amm
524 2666 552 2730 in
569 2668 766 2753 lmporatorom
790 2692 923 2735 evomere
939 2673 1119 2740 acerbitatem
1134 2670 1279 2738 uoluisse?
1308 2667 1369 2732 lirit

266 2771 303 2834 de
321 2768 375 2831 bae
389 2789 422 2832 ro
436 2768 465 2833 in
481 2768 561 2833 Notis
574 2768 719 2835 llistoricis
733 2773 915 2860 opportunior
926 2773 1013 2841 locos.

351 2887 432 2968 Quod
448 2886 567 2973 denique
582 2908 701 2973 {menam
717 2887 745 2953 in
759 2890 923 2957 Haerelioos
938 2893 1119 2981 capitaloma
1139 2889 1287 2957 lastiniano
1303 2909 1369 2952 eon·

266 2989 384 3054 elidendam
399 3012 453 3053 non
475 2990 590 3076 probot;
618 3014 675 3055 non
689 2993 831 3070 tamodii,
856 3017 937 3080 quam
959 3017 1066 3082 pravae
1090 2996 1126 3059 do
1151 2992 1292 3081 religione
1305 3012 1368 3053 sen·

266 3091 371 3155 tentiae
386 3091 570 3179 suspicionem
582 3104 676 3156 movet
696 3106 778 3179 atque
798 3096 947 3163 confirmat.
991 3098 1060 3162 lllud
1081 3096 1109 3161 iu
1130 3094 1273 3179 Procopio
1281 3113 1370 3179 saepo

267 3193 379 3256 miratos
400 3216 474 3265 sora,
500 3192 573 3278 quod
593 3193 630 3257 do
650 3207 760 3259 uestrae
783 3198 928 3285 religionis
948 3198 1084 3287 mpsteriis
1106 3198 1144 3261 ita
1165 3197 1254 3271 dicat,
1280 3207 1308 3261 ot
1331 3194 1368 3257 ab

267 3293 302 3357 iis
325 3292 408 3357 modo
430 3294 550 3369 alienos,
575 3317 765 3382 nonnunquam
792 3312 869 3363 recto
892 3305 996 3364 sentiro
1021 3302 1155 3365 ridoatnr.
1198 3298 1370 3381 Quamquam

141 3430 143 3435 -
179 3399 251 3454 All
271 3394 434 3491 llespclrinm
459 3396 613 3473 blilcsiom,
639 3410 668 3461 et
691 3399 822 3491 loannem
848 3401 965 3489 Lpdiom
993 3403 1124 3489 aequales
1148 3398 1294 3483 Procopii,
1323 3395 1370 3482 quai

267 3497 369 3561 eadem
381 3496 562 3586 ambignitate
582 3499 718 3574 luserunt,
746 3501 860 3566 Photius
875 3517 957 3589 atque
976 3505 1078 3568 Snidas
1102 3501 1252 3569 Gentilium
1272 3499 1367 3585 impie

151 3602 173 3657 P
192 3602 251 3657 ΚΝ
270 3612 326 3665 tate
343 3599 501 3666 damnarint.
545 3603 623 3665 Sane
644 3625 700 3666 non
717 3615 777 3667 rata
793 3602 842 3667 init
866 3603 1017 3670 istiusmodi
1035 3605 1175 3669 bominum
1200 3603 1277 3667 turba
1291 3601 1367 3665 lusti·

268 3702 342 3766 niani
364 3714 503 3785 tempore,
530 3715 558 3790 et
571 3703 680 3789 quidem
695 3704 723 3768 in
737 3701 809 3767 Aula
823 3705 1003 3791 lmperatoria
1024 3710 1067 3790 (ut
1082 3706 1109 3769 in
1125 3704 1206 3769 Notis
1227 3692 1370 3768 llisto'rieis

190 3840 192 3844 ·
268 3804 374 3883 dicam)
394 3802 492 3867 olllciis
506 3826 541 3867 ae
554 3804 732 3889 dignitatibus
746 3805 872 3893 insignis.
913 3811 972 3873 Sed
986 3832 1024 3874 ex
1038 3808 1093 3871 bae
1107 3809 1189 3893 plane
1207 3806 1370 3891 Procopium

270 3906 381 3980 eximo,
403 3905 476 3991 qood
496 3927 551 3968 non
573 3906 660 3971 solum
681 3907 744 3982 bio,
771 3909 919 3973 sedetiam
944 3909 1182 3975 indedillc-iormn
1195 3910 1274 3974 libris
1294 3910 1368 3973 Gen·

271 4003 356 4067 tilium
371 4004 506 4070 sacrib'cia
522 4018 549 4069 et
563 4004 708 4081 libamina,
734 4020 776 4085 et,
802 4024 831 4075 nt
847 4012 908 4097 ipse
918 4012 1050 4096 loquitur,
1077 4010 1190 4078 ἆθεΐαν
1205 4038 1237 4079 τε
1250 4012 1301 4077 καὶ
1314 4037 1371 4076 πο·

274 4112 399 4173 lebetae
417 4108 581 4184 detestetur,
611 4120 640 4172 et
654 4101 726 4172 libro
741 4109 912 4175 Persicorum
926 4112 1014 4197 primo
1030 4115 1159 4180 loannem
1173 4114 1371 4200 Cappadocem

273 4206 431 4273 Gentilitiae
445 4210 643 4294 superstitionis
657 4212 783 4285 damnem
805 4226 881 4278 certe
900 4214 1058 4280 lustinianns
1077 4218 1114 4281 de
1135 4217 1223 4281 meris
1239 4239 1258 4278 a
1272 4237 1305 4277 so
1321 4237 1369 4279 ex·

273 4306 363 4371 uitalis
389 4310 521 4375 aediliciis
548 4312 690 4377 historiam
720 4312 857 4401 Procopio
887 4316 990 4381 Gontili
1021 4340 1157 4404 nunqnam
1181 4318 1369 4383 commisisset.

269 4409 433 4475 Haereticos
446 4426 536 4480 autem
550 4426 577 4481 et
588 4416 753 4492 Samarites,
774 4416 821 4503 qni
835 4416 995 4487 Caesarem
1017 4419 1193 4486 Palaestinae
1213 4420 1371 4507 frequentes
