3125 4959
269 443 346 518 416
434 543 438 552 Ι
617 447 1022 518 incusantium

352 614 388 672 P.
407 611 459 686 80,
479 615 510 676 7·
554 612 696 672 Sabbatii
717 611 871 694 coniugis]
895 615 953 672 Hic
977 615 1036 672 snit
1056 615 1214 681 Iustiniani
1237 615 1368 693 impers-

267 700 340 757 toris
368 708 462 776 pater.
505 698 657 759 Antoldus
685 701 782 758 Urion
810 697 906 778 gradu
928 702 1075 759 Aniciana
1100 702 1247 779 vigesimo
1277 701 1370 756 alium

265 785 308 842 ita
328 785 579 842 comminiscitur:
600 785 730 842 Anicius
747 787 920 844 Germanus
933 787 1064 857 Probus,
1078 785 1186 843 Anicii
1200 785 1372 844 Iustiniani

264 869 362 928 Probi
372 869 474 948 filius.
523 869 560 928 V.
574 865 605 932 0.
622 869 710 928 nulla
726 871 793 928 alia
814 892 846 928 re
867 871 974 928 clarus
995 883 1189 944 memoratur,
1210 874 1273 928 nisi
1288 867 1374 950 quod

265 975 300 1012 ex
314 998 426 1016 ......
440 953 558 1012 Anicia
572 976 672 1013 sorore
685 953 795 1014 Anicii
808 956 922 1016 iastini
938 959 1140 1034 imperatoris,
1159 968 1240 1035 quae
1254 958 1282 1012 ei
1295 977 1372 1013 uxor

258 1041 338 1118 fuit,
352 1039 441 1117 filios
463 1041 568 1116 tulerit
587 1041 795 1117 Vitalianum,
817 1042 1017 1116 Germanum,
1039 1052 1067 1098 et
1082 1041 1292 1100 lastinianum
1312 1045 1372 1099 im-

258 1119 441 1206 peiatorem,
465 1136 494 1182 et
506 1127 615 1204 filiam
629 1127 833 1204 Biglentiam.
880 1129 997 1185 Nomen
1014 1129 1077 1184 eius
1093 1129 1125 1187 in
1140 1127 1281 1184 historiis
1299 1128 1372 1204 qui-

263 1209 331 1268 dem
352 1232 414 1268 non
434 1217 598 1289 reperitur,·
620 1209 804 1269 addidimus
824 1223 927 1270 tamen
948 1209 1113 1284 illudam,
1132 1222 1197 1269 tum
1212 1212 1279 1288 filii
1295 1215 1372 1270 Ger.

263 1297 352 1353 mani
380 1298 569 1373 coniectura,
600 1308 666 1354 tum
694 1287 788 1355 etiam
814 1296 899 1376 quod
924 1300 1047 1355 omnino
1069 1296 1254 1354 arbitremur
1282 1297 1371 1354 illum

266 1383 456 1441 Germanum
476 1402 555 1455 ease,
580 1381 625 1440 ad
644 1403 733 1462 quem
754 1393 836 1440 extat
856 1380 1045 1441 Hormisdae
1060 1404 1162 1461 papae
1183 1383 1311 1461 epistola
1329 1379 1371 1445 54

263 1477 335 1525 tom.
359 1469 389 1529 1.
432 1469 489 1546 Ep.
514 1465 621 1525 decret.
647 1472 679 1525 in
701 1490 762 1547 qun
784 1469 1016 1525 illustrissimus
1037 1479 1180 1540 uocatur,
1209 1467 1372 1527 hortatur-

264 1574 323 1633 que
345 1550 391 1609 ad
409 1549 611 1628 defensionem
633 1563 699 1610 tam
721 1553 861 1610 ecclesiae
884 1574 978 1632 quom
999 1553 1122 1631 aliquot
1143 1555 1236 1612 etiam
1256 1557 1373 1630 episco-

258 1657 383 1718 porum.
432 1639 468 1694 Si
489 1640 558 1716 quis
579 1649 679 1696 tamen
702 1639 794 1696 aliter
813 1641 968 1718 repererit,
997 1640 1182 1697 contentioni
1203 1636 1283 1697 cedo.
1326 1640 1373 1694 m

265 1743 348 1783 sone.
391 1724 469 1780 Nom
497 1732 527 1780 et
553 1724 753 1796 insaniemus,
784 1726 908 1804 eiusque
933 1743 1058 1803 parens,
1088 1735 1117 1781 et
1145 1725 1310 1781 avunculus
1333 1741 1373 1780 ex

264 1809 334 1866 albo
352 1809 527 1864 Aniciorum
549 1807 680 1866 delendi.
726 1810 894 1868 Germanus
914 1810 1065 1867 fratruelis
1087 1812 1246 1867 Iustiniani
1268 1807 1374 1866 dicen-

267 1890 334 1964 dus,
356 1901 499 1968 utsupra
522 1890 560 1948 ad
582 1911 612 1970 p.
635 1892 676 1954 28
697 1893 901 1970 probavimus.
945 1893 1125 1951 Hormisdae
1147 1895 1274 1971 epistola
1296 1895 1374 1949 Ger-

265 1996 357 2036 mano
386 1979 449 2034 viro
473 1977 621 2034 consulari
647 1975 811 2034 reddenda.
855 1979 901 2034 De
922 1978 1071 2034 Vitaliano
1099 1975 1309 2047 teutlandum,
1338 1985 1373 2033 ut

267 2060 306 2120 ad
329 2083 359 2140 p.
383 2065 423 2124 30
447 2059 591 2119 diximus.
633 2064 792 2119 Iustiniani
813 2072 899 2140 pater
919 2081 981 2118 non
1004 2063 1189 2135 Germanus,
1218 2060 1272 2120 sed
1294 2060 1373 2120 sab-

265 2147 365 2205 batius
388 2145 595 2224 appellandus.
638 2147 684 2204 De
705 2147 856 2224 Biglentia
877 2149 985 2204 rectius
1010 2166 1106 2227 quam
1123 2148 1298 2220 Patrrinius,
1321 2146 1374 2225 qni

265 2233 424 2290 Iustiniani
446 2232 540 2288 filiam
562 2251 627 2290 esse
646 2230 754 2289 credit:
779 2227 926 2310 α’δελφὴν,
948 2253 1082 2290 sororem
1102 2242 1190 2290 vocat
1210 2234 1375 2308 Procopius

263 2318 288 2376 l.
311 2323 332 2382 2
362 2317 434 2374 bell.
462 2314 558 2376 Vand.
594 2318 666 2374 licet
694 2317 877 2374 Graecorum
906 2336 990 2374 more
1018 2317 1217 2395 Biglantiam
1251 2315 1373 2390 dixerit,

264 2422 358 2484 qnam
378 2403 484 2460 Latine
510 2403 721 2481 Vigilantiam
742 2405 952 2474 nominamus3
977 2403 1021 2459 sio
1044 2401 1126 2480 apud
1145 2403 1321 2459 lllauritium
1341 2403 1374 2457 in

265 2489 440 2564 Strategicis
467 2489 555 2568 βίγλα
579 2499 609 2546 et
635 2487 793 2569 βιγλίζειν,
820 2488 952 2567 vigilia,
980 2487 1123 2567 vigilare.
1166 2489 1313 2567 Gorippus
1335 2483 1373 2544 de

263 2575 379 2632 Iustino
402 2575 534 2644 iuniore3

172 2671 248 2726 Α67
349 2658 451 2717 Mater
472 2657 605 2715 eortsilii¹
612 2655 751 2736 placidis
777 2657 955 2737 Vigilantia
974 2658 1093 2714 vestris.

161 2742 253 2800 vam
351 2745 472 2822 Semper
493 2745 570 2801 inest
591 2743 705 2818 oculis;
728 2764 918 2824 quamquam
939 2745 1022 2800 omni
1040 2752 1160 2822 pectore
1177 2753 1285 2823 gestas

350 2829 448 2886 Alma
470 2828 619 2908 Augusta
641 2831 688 2885 tui
710 2851 834 2890 euersors
856 2831 1017 2906 Sapientia
1037 2831 1134 2906 regni.

265 2916 381 2992 Nempe
405 2913 511 2970 alludit
535 2911 573 2971 ad
593 2917 717 2971 nomina
744 2916 937 2992 Vigilantiae
957 2917 1072 2986 matris,
1096 2923 1125 2970 et
1145 2911 1277 2992 Sopleiae
1296 2929 1373 2967 uxo-

268 3002 308 3057 ris
330 3002 437 3056 lustini
460 3002 593 3058 iunioris.
638 3002 816 3079 Quanquam
842 2997 1033 3077 Vigilantiae
1060 3018 1171 3055 nomen
1192 2999 1299 3053 Latine
1326 2997 1374 3049 in-

267 3085 383 3142 flexum
402 3095 474 3163 puto
498 3105 538 3141 ex
559 3085 678 3162 lllyrico
700 3087 824 3144 nomine
841 3086 1013 3163 Biglenizo‚
1037 3082 1117 3161 qnod
1137 3081 1294 3138 Iustiniani
1316 3081 1374 3135 im-

267 3172 413 3247 peratoris
441 3173 545 3228 matris
575 3171 757 3228 vocabulum
787 3172 854 3227 fnit.
898 3173 995 3233 Huius
1023 3168 1204 3242 vigilantiae
1233 3166 1375 3221 inaritum

268 3254 342 3311 facit
371 3255 522 3312 Arnoldus
550 3253 736 3312 Dorotheum
766 3255 937 3324 corisulem3
969 3252 1045 3308 bene
1075 3253 1175 3309 Victor
1202 3252 1376 3323 Tunnensis

269 3341 301 3396 in
324 3337 472 3413 chronico,
494 3341 637 3396 lustinus
657 3343 762 3396 iunior
780 3339 974 3416 Vigilantiae
994 3339 1110 3393 sororis
1125 3337 1294 3394 Iustiniani
1307 3336 1377 3393 Aa·

267 3427 356 3504 gusti
370 3425 473 3502 filius,
492 3435 581 3501 patre
602 3420 781 3480 dulcissimo
805 3435 908 3482 natus.
953 3420 1015 3481 Sed
1037 3443 1075 3478 ne
1094 3423 1230 3500 singulos
1253 3441 1376 3493 errores,

271 3530 346 3591 qnos
370 3513 401 3567 in
424 3511 579 3567 iustiniani
601 3510 791 3586 imperatoris
814 3510 989 3585 genealogia
1009 3506 1143 3564 texenda
1164 3509 1376 3564 commiserunt

269 3594 432 3666 Arnoldus‚
454 3597 627 3665 panvinius,
650 3593 855 3665 Tritliemius,
877 3604 906 3650 et
929 3596 997 3666 alii,
1019 3594 1197 3670 singillatim
1219 3610 1377 3648 cranmere·

269 3701 348 3753 mus,
372 3699 440 3738 earn
458 3681 514 3737 tibi
536 3681 573 3738 ob
597 3681 699 3738 ooulos
722 3683 753 3737 in
768 3678 986 3756 diagrammate
1007 3682 1157 3756 ponimns,
1176 3698 1211 3734 eo
1229 3696 1301 3734 sane
1324 3692 1376 3732 re·

269 3770 388 3836 norem,
412 3766 636 3843 auctionemque
662 3764 743 3844 qnod
765 3765 964 3843 expluribus
986 3765 1156 3836 autoribus,
1178 3765 1276 3841 iisque
1299 3760 1375 3817 anti·

269 3852 440 3932 quioribur‚
463 3869 573 3929 nempe
595 3849 731 3909 eiusdem
753 3853 874 3924 aetatis,
897 3851 983 3908 illam
1005 3851 1193 3927 collegimus.
