3125 4959
290 438 362 511 192
733 436 935 507 PROCOPH
956 510 957 517 ς

286 604 449 698 κλήρωται.
500 599 543 675 ῶν
555 607 593 691 δὴ
607 616 675 685 ταῖς
688 604 800 690 όχθαις
813 610 977 693 πεπίεσται,
997 608 1222 698 {nepeta-roone
1240 608 1290 675 καλ
1303 630 1379 693 yon*

285 714 422 811 ρονμίνιρ
436 712 554 789 ἓοικῶς,
581 709 626 775 ότι
642 712 679 794 (λη
697 710 897 795 ἐποχούμενος
919 720 958 800 τῇ
973 739 1004 777 τε
1019 712 1105 801 Ἀσίη
1123 716 1174 776 καὶ
1191 720 1230 798 τῇ
1246 710 1379 799 Εὐρώπῃ

285 818 460 902 προοβαίνει
478 822 516 900 τῇ
539 811 633 878 πόλει.
684 812 787 893 δόξαις
805 816 842 880 ἀν
860 816 996 898 ποταμόν
1012 822 1180 880 τεθεᾶσθαι
1196 816 1380 901 ἐπίπροσθεν

283 927 430 1004 προσηνεῖ
446 923 490 1003 τῶ
508 915 620 1003 ῥείθρῳ
642 914 736 981 ἰόντα.
788 916 804 983 ὁ
822 920 855 983 δὲ
868 920 906 1001 δὴ
924 924 1019 985 αὐτοῦ
1034 921 1065 983 ἒν
1083 918 1225 1008 ἀριστερᾷ
1238 921 1378 999 θλίβεται

282 1022 338 1104 μὲν
363 1018 549 1105 ἑκατέρωθεν
573 1020 621 1082 tut
639 1017 847 1105 μακροτάταις
868 1034 935 1100 ταῖς
954 1022 1079 1099 ἀκταῖς,
1104 1020 1197 1086 τότε
1225 1021 1303 1103 ἀλση
1328 1018 1402 1108 καλ-5

282 1121 435 1205 λειμῶιων
447 1120 543 1205 κάλλη
558 1126 608 1186 καὶ
624 1123 664 1187 τὰ
677 1123 756 1188 ἀλλα
773 1132 829 1209 τῆς
846 1126 1005 1211 ἀντιπέρας
1021 1125 1143 1211 ἀπείρου
1159 1123 1380 1206 ἐνδεικνύμενος

177 1232 267 1289 V403
282 1223 462 1308 ἀποκείμενα
481 1231 520 1311 τῇ
538 1232 593 1308 τῆς
610 1225 725 1304 πόλεως
745 1226 825 1311 lipsi.
876 1226 1029 1313 εὐρύνεται
1047 1230 1081 1293 dd
1096 1228 1130 1293 τό
1151 1230 1289 1291 ε’ντεῦθεν
1303 1229 1379 1303 ἔξω·

241 1336 268 1391 Ι)
282 1326 434 1410 θούμενος
455 1330 548 1411 αὐτῆς
563 1330 641 1414 πρὸς
659 1329 769 1412 ἀνεμον
784 1330 870 1397 νότον
890 1334 940 1395 καὶ
957 1340 1011 1415 τῆς
1022 1332 1125 1408 Ἀσίας
1140 1331 1233 1413 αὐτῆς
1245 1328 1286 1405 ῶς
1301 1354 1376 1414 πορ-

280 1431 407 1518 ρωτάτω
425 1433 623 1514 ἀπσκομιζων.
673 1434 751 1498 ἀλλά
770 1431 879 1516 καλῶς
898 1432 1081 1521 περιβάλλον
1099 1434 1230 1515 όιαμίνιι
1251 1434 1306 1516 ’τὴν
1321 1430 1379 1495 πό-

280 1542 328 1600 λιν
344 1536 379 1600 τό
398 1534 506 1621 ῥόθιον
523 1534 594 1620 ἀχρι
616 1537 647 1612 ε’ς
665 1534 776 1601 dionei
796 1562 855 1602 που
870 1537 922 1602 τὸν
934 1536 1028 1621 η’λιον.
1081 1534 1145 1601 iit
1161 1540 1260 1621 τρίτος
1278 1541 1379 1621 πορθ·
1388 1535 1420 1589 10

278 1638 338 1721 μάς
352 1646 407 1702 τοῦ
420 1639 475 1719 μὲν
487 1637 608 1725 πρῶτον
626 1637 766 1722 ε’χόμενος
781 1642 829 1705 ε’πί
846 1644 929 1730 δεξιᾷ
936 1689 945 1718 ,
979 1642 1011 1704 ἐκ
1024 1641 1058 1703 de*
1072 1644 1179 1704 Σακῶν
1190 1647 1251 1705 τῶν
1266 1645 1379 1703 καλου-

279 1743 377 1824 μίνων
393 1741 568 1826 ἀρχόμενος,
587 1745 773 1809 ε’πιπλεΐστον
785 1742 880 1827 ἀνήκει
891 1751 945 1825 τῆς
958 1742 1074 1818 πόλεως
1087 1744 1164 1827 πρὸς
1174 1748 1292 1827 βορρᾶν
1309 1741 1379 1805 ἀνε-

278 1870 354 1926 μον,
388 1836 424 1908 οὗ
442 1846 480 1925 dl]
496 1847 527 1918 ἒς
546 1842 658 1908 κόλπον
679 1854 824 1911 τελευτῶν
840 1843 977 1908 παύεται.
1029 1842 1108 1907 odam
1120 1845 1174 1923 μὲν
1193 1836 1246 1905 σόν
1261 1868 1378 1929 στεφα-

278 1957 330 2011 νοῖ
349 1947 404 2027 τὴν
422 1945 509 2009 πόλιν
527 1942 547 2028 ἡ
569 1944 726 2024 θάλασσα,
752 1948 903 2029 ἓκόίχεται
925 1948 957 2010 λε’
979 1946 1037 2010 ἀνά
1053 1946 1087 2010 τὸ
1103 1939 1277 2027 λειπόμενον
1291 1942 1311 2025 η
1325 1952 1375 2029 γῆ,

277 2049 391 2131 μεταξύ
412 2047 544 2130 τοσαύτη
561 2037 654 2127 οὖσα,
681 2048 752 2113 ὅσον
771 2050 827 2133 τὴν
844 2049 903 2113 ἀπὸ
918 2056 972 2132 τῆς
990 2046 1147 2130 θαλάττης
1161 2045 1312 2135 στεφάνην
1328 2049 1376 2111 ε’ν-
1386 2049 1420 2105 15

191 2160 264 2216 1²17
280 2158 386 2216 ταῦθα
410 2154 596 2227 ξυνόεῒσθαι.
647 2151 816 2238 πραύνεται
839 2153 873 2215 de*
893 2139 1023 2233 διηνεκὲς
1046 2148 1062 2214 ὃ
1086 2150 1198 2226 κόλπος
1220 2141 1307 2226 οὗτος
1326 2153 1379 2213 καὶ

279 2255 515 2319 ἀναθολοῦσθαι
539 2255 661 2336 οάόαμῆ
682 2257 831 2341 πέφυκεν,
854 2252 954 2339 ῶσπερ
970 2251 1060 2341 ὁρίων
1077 2260 1121 2340 τῷ
1134 2250 1263 2317 κλύιλωνι
1279 2252 1377 2335 κειμέ-

278 2382 339 2421 νων
359 2358 495 2420 ἐνταῦθα
518 2359 568 2419 καὶ
586 2356 681 2428 σάλου
703 2356 738 2421 τὸ
759 2358 880 2423 ε’νθίνιλε
896 2356 1008 2433 παντὸς
1028 2364 1066 2443 τῇ
1079 2362 1134 2438 τῆς
1150 2354 1264 2433 πόλεως
1278 2359 1378 2441 εἰργο-

278 2460 369 2541 μίνου
389 2465 472 2544 τιμῇ.
519 2466 668 2541 χειμῶνος
689 2462 740 2539 (λε’,
767 2460 804 2525 ἀν
822 2462 901 2525 οὕτω
920 2458 1007 2547 τύχη,
1033 2463 1083 2525 καὶ
1102 2460 1221 2540 ἀνίμων
1238 2465 1378 2544 σκληρῶν

278 2573 342 2636 τοῖς
355 2587 386 2625 τε
403 2559 542 2644 πελάγεσι
560 2565 610 2626 καὶ
627 2570 671 2649 τῷ
687 2570 821 2651 πορθμῷ
836 2564 1044 2655 ἐπιπεσόντων,
1064 2564 1184 2627 ε’πειδάν
1202 2566 1233 2639 ἒς
1245 2563 1299 2642 τὴν
1313 2562 1423 2629 ein-2⁰

278 2668 350 2729 σόον
366 2667 491 2729 ’ίκωνται
510 2673 563 2729 τοῦ
581 2664 695 2729 κόλπου
712 2668 744 2731 αἱ
762 2669 839 2745 νεές,
867 2668 1066 2753 ἀκυβέρνητοί
1084 2692 1116 2731 τε
1137 2667 1175 2731 τὸ,
1194 2666 1299 2731 λοιπὸν
1314 2666 1379 2729 ίασι

278 2770 330 2831 καὶ
352 2767 603 2853 ἀπροβουλεύτως
625 2765 808 2855 ὁρμίζονται.
864 2772 897 2846 ἒς
916 2774 1058 2847 σταδίους
1077 2770 1133 2853 μὲν
1155 2768 1214 2855 peip
1235 2775 1336 2831 πλεῖον
1356 2765 1378 2848 η’

277 2870 504 2956 ’τεσσαράκοντα
525 2872 560 2935 τό
585 2877 763 2960 περίμετρον
781 2879 836 2937 τοῦ
861 2871 974 2939 κόλπου
999 2872 1110 2955 deviner,
1139 2872 1229 2951 λιμὴν
1254 2870 1287 2932 de*
1306 2868 1379 2945 ὅλος

276 2982 416 3055 πανταχῆ
424 2976 518 3039 ἔστιν·
534 2973 610 3040 ῶστε
619 2977 721 3058 ἀμέλει
732 2975 929 3063 ἀρμιζομίνης
937 2978 1071 3039 ἐνταῦθα
1080 2969 1178 3055 νηόςῆ
1188 2972 1243 3053 μὲν
1253 2968 1379 3057 πρόμιά

277 3083 315 3162 τῇ
328 3075 473 3163 θαλάσση
489 3079 626 3164 ἓπῇρται,
650 3076 670 3162 ἢ
687 3081 720 3144 δὲ
734 3086 842 3168 πρῷρα
859 3079 891 3141 ἕν
905 3084 943 3164 τῇ
955 3084 994 3163 γῇ
1006 3073 1152 3160 κάθηται,
1164 3073 1265 3163 ῶσπερ
1281 3072 1422 3159 &staff-25

278 3340 321 3407 tit,
337 3344 366 3389 ut
376 3335 453 3389 decus
464 3338 566 3392 afferat.
601 3338 669 3391 Hinc
679 3337 738 3391 inde
748 3338 864 3406 geminae
876 3338 1008 3408 appositae
1020 3344 1078 3391 sunt
1089 3338 1257 3402 continentes,
1271 3353 1381 3406 querum

277 3408 404 3461 littoribus
415 3410 546 3474 premitur,
563 3424 644 3476 aquas
655 3408 777 3477 crispans,
794 3425 825 3459 ac
843 3407 921 3459 simile
936 3406 1103 3477 superbienti,
1124 3408 1193 3477 quod
1205 3407 1279 3459 Asine
1290 3406 1381 3459 Euru-

277 3492 376 3548 paeque
393 3475 504 3527 innixum
522 3477 556 3528 ad
573 3479 659 3528 urbem
676 3476 795 3528 accedat:
814 3476 916 3527 fluvium
930 3476 1029 3545 placido
1040 3477 1164 3529 labentem
1179 3476 1277 3543 agmine
1289 3474 1383 3531 videro

277 3548 325 3600 tibi
337 3543 457 3599 videaris.
480 3546 557 3608 Quod
571 3562 633 3597 vero
645 3546 677 3597 ad
689 3545 787 3598 loevam
805 3554 854 3608 est,
872 3544 1023 3611 longissimis
1033 3546 1160 3598 littoribus
1170 3545 1288 3611 utrinque
1297 3544 1382 3597 strin-

276 3617 356 3684 gitur,
374 3614 454 3677 lucos‚
472 3624 601 3681 pratorum
616 3614 791 3680 amoenitates,
809 3622 975 3681 caeterasque
993 3614 1126 3683 oppositae
1143 3612 1297 3665 continentis
1312 3614 1384 3667 deli-

277 3685 331 3738 cias
343 3683 472 3748 exhibens,
490 3684 618 3734 subiectas
629 3683 707 3733 oculis
717 3682 833 3733 civitatis.
874 3682 938 3734 Indo
949 3699 1025 3753 porro
1040 3684 1167 3737 evolutum
1177 3681 1305 3735 meridiem
1319 3702 1384 3737 ver-

277 3769 329 3818 sus,
349 3755 378 3805 etv
392 3752 424 3803 ab
445 3752 505 3802 Asia
526 3752 614 3820 procul
631 3750 766 3811 recedens,
785 3768 843 3803 sese
862 3750 989 3820 explicat:
1007 3770 1055 3808 nec
1072 3760 1154 3805 tamen
1173 3750 1262 3803 velsic
1274 3751 1384 3806 absistit

276 3825 365 3875 urbem
382 3821 478 3873 alluere
493 3820 525 3871 ad
542 3830 639 3889 parte·
659 3836 739 3888 usque
758 3820 947 3881 occidentalem.
982 3822 1099 3874 Tertium
1117 3821 1221 3887 fretum,
1240 3820 1384 3874 adextera

277 3891 436 3943 coniunctum
454 3889 546 3957 primo,
563 3907 595 3940 ex
612 3888 726 3954 regione,
746 3906 820 3958 quam
838 3891 964 3957 Sycenam
983 3904 1085 3955 vocant,
1103 3888 1245 3955 longissime
1256 3890 1383 3943 allabitur

276 3960 347 4011 urbis
358 3959 434 4011 lateri
451 3958 607 4027 aquilonari,
626 3958 668 4009 ubi
679 3958 704 4009 in
716 3960 797 4011 sinum
809 3960 909 4016 desinit.
944 3959 988 4011 Sic
998 3975 1067 4010 mare
1079 3960 1164 4011 urbem
1179 3968 1296 4012 coronat:
1316 3959 1384 4011 reli-

276 4043 352 4096 quum
364 4036 434 4081 terre
445 4028 556 4097 excipit,
573 4035 646 4078 tanto
657 4027 809 4094 interstitio,
826 4027 1023 4097 quantumsatis
1037 4035 1078 4080 est
1089 4037 1118 4079 ut
1128 4026 1254 4079 vinculum
1265 4026 1300 4078 sit
1310 4027 1384 4079 illius

276 4112 401 4162 coronae,
420 4114 494 4165 quam
505 4113 603 4163 aequor
613 4096 702 4148 elficit
736 4097 814 4149 Sinus
826 4099 867 4149 hic
877 4114 977 4165 semper
987 4096 1150 4164 tranquillus,
1168 4096 1267 4161 minime
1278 4096 1385 4148 turbari

276 4165 356 4217 solet:
373 4166 445 4232 quasi
457 4166 579 4219 terminus
590 4165 738 4233 tempestati
748 4166 790 4217 hic
801 4166 868 4217 fixus
880 4176 955 4226 esset,
973 4173 1049 4231 atque
1061 4165 1119 4217 inde
1130 4165 1265 4235 procellam
1278 4181 1384 4218 omnem

275 4233 421 4285 excluderet
439 4236 508 4285 urbis
528 4235 609 4286 honor
625 4250 656 4285 ec
674 4234 825 4287 reverentia.
861 4236 890 4286 Si
907 4236 979 4286 iorte'
987 4234 1056 4286 venti
1067 4234 1266 4289 vehementiores
1278 4232 1385 4287 incum-

275 4304 347 4367 bant,
368 4319 400 4355 ac
418 4302 495 4354 maria
514 4303 658 4372 fretumque
678 4304 814 4366 concitent,
832 4303 904 4355 simul
925 4300 1029 4369 navigia
1045 4304 1114 4355 sinus
1132 4306 1219 4356 lauces
1237 4300 1385 4370 intrarunt,

275 4372 343 4423 nullo
354 4379 461 4439 regente
472 4380 598 4439 pergunt,
608 4380 643 4423 ·et
653 4388 804 4440 quocunque
815 4389 870 4425 sors
880 4371 967 4423 tulerit
978 4373 1149 4441 appelluntur.
1182 4370 1244 4422 Plus
1256 4388 1273 4421 x
1287 4388 1312 4421 τ.
1326 4382 1387 4425 sta·

275 4442 374 4496 diasuo
384 4441 454 4495 sinus
465 4440 559 4496 ambitu
571 4440 684 4512 colligit,
701 4456 733 4494 sc
749 4447 819 4497 totus
835 4448 876 4495 est
886 4441 967 4497 ubivis
979 4450 1081 4511 portus.
1115 4440 1282 4511 Quapropter
1293 4441 1386 4512 appli-
