3125 4959
262 411 340 487 430
612 414 658 485 ΙΝ
682 414 1012 487 attumulatur

261 582 425 662 imperium
444 598 537 641 suum
558 576 653 662 digne
672 581 835 666 iudicarit,
857 595 885 644 et
905 604 952 644 me
971 585 1108 664 accipere
1124 593 1305 666 asportare
1325 580 1368 644 ut

260 679 393 727 uestram
416 670 624 746 sanctitatem,
652 665 815 749 docereque
835 665 1021 729 venerabiles
1037 672 1220 744 monachos,
1240 682 1276 728 ut
1298 689 1368 728 cum

263 772 318 812 vos
339 751 437 811 edocti
456 755 558 830 eritis,
588 773 669 831 quae
690 755 730 813 ab
750 759 829 835 speie
840 756 937 834 jacta
957 767 1044 832 runt,
1067 759 1211 816 canonice
1223 757 1369 832 sometie

259 858 314 911 eu,
337 857 417 916 quae
440 849 558 897 vestrae
578 837 766 899 beatitudini
794 841 938 901 uidentur
958 842 1028 900 bene
1046 840 1165 901 habere.
1210 843 1283 900 Hae
1305 841 1371 898 lta·

258 944 320 1004 que
346 943 417 982 cum
445 920 492 981 ad
515 942 629 982 manue
649 924 797 1005 lrabeam,
823 939 940 1005 vertrae
964 925 1152 986 beatitudini
1176 929 1304 1006 porrigo
1326 921 1373 983 ud

258 1005 430 1086 legendum.
472 1009 520 1067 De
548 1009 788 1072 refendariorum
815 1032 943 1073 numero
971 1031 1015 1089 ac
1037 1011 1184 1092 dignitate
1212 1010 1283 1070 vide
1312 1031 1371 1070 no·

257 1094 372 1152 sellam
392 1093 444 1156 10.

342 1181 378 1236 P.
401 1179 459 1253 90,
481 1179 514 1241 2.
557 1178 704 1261 laragia
732 1184 824 1242 curia
849 1185 1004 1244 conventio
1025 1179 1201 1262 iudicibus]
1229 1184 1309 1240 Nam
1337 1180 1370 1238 in

258 1265 422 1342 porticibus
450 1267 659 1343 imperatoriae
697 1262 805 1329 domus
835 1280 899 1328 erat
926 1270 1146 1349 praefectorum
1174 1267 1369 1346 praetorium,

260 1359 455 1428 quaestorum
475 1350 622 1431 tribunal,
645 1351 780 1412 iudicum
803 1356 956 1430 subsellia,
980 1352 1250 1413 referendariorum
1270 1349 1369 1426 sedes,

259 1436 469 1494 tabellionum.
485 1433 616 1495 archiva.
658 1439 735 1498 Vide
756 1443 938 1518 Procopium
959 1441 981 1497 l.
1007 1446 1021 1502 1
1046 1438 1138 1498 aedil.
1163 1449 1317 1508 extremo,
1340 1445 1370 1494 et

260 1517 425 1597 Agathiam
446 1519 506 1582 1.3
526 1523 623 1580 initio.
667 1526 763 1594 Quare
777 1527 883 1602 palatii
904 1545 958 1583 seu
980 1527 1080 1584 curiae
1102 1526 1225 1584 nomine
1248 1521 1369 1595 iudicia,

260 1606 438 1681 tribunalia,
469 1625 635 1686 causaeque
664 1609 798 1668 forenses
820 1622 974 1669 notantur.
1019 1611 1071 1668 Sic
1090 1610 1123 1667 in
1145 1606 1262 1666 theatro
1283 1607 1371 1686 plebs

261 1691 445 1748 inclamabat
459 1693 635 1766 Iustiniana,
655 1690 688 1754 τὸ
709 1693 855 1757 nullaten
872 1701 934 1758 nori
955 1694 1036 1758 ἔστιν
1057 1689 1114 1756 odn
1128 1694 1265 1772 οἴδαμεν.
1308 1695 1372 1750 Ρα·

261 1776 394 1851 latium,
416 1797 469 1834 seu
491 1781 600 1856 curia,
625 1778 680 1836 ubi
699 1782 741 1837 ait
761 1784 923 1839 nescimus.
956 1783 1023 1839 Hoc
1044 1790 1105 1856 est,
1126 1781 1214 1837 nulla
1234 1786 1372 1858 superest

260 1859 442 1920 iudiciorum
464 1861 572 1918 forma.

346 1947 382 2003 P.
402 1948 460 2018 90,
481 1943 513 2007 4.
555 1945 637 2004 Erat
657 1945 830 2024 respublica
850 1948 942 2024 quasi
963 1947 1191 2006 lasciuientium
1209 1964 1373 2023 puerorum

260 2031 380 2109 regina]
402 2031 486 2087 llaec
504 2033 661 2104 seruantia,
684 2041 714 2088 et
736 2033 908 2090 consimiles
930 2029 1002 2091 huic
1023 2034 1101 2090 aliae
1123 2032 1251 2090 fortasse
1274 2029 1372 2088 dictae

260 2113 470 2196 daepdolutu'e
491 2113 666 2189 videantur,
689 2127 719 2173 et
741 2121 869 2175 oratorie
896 2110 1014 2196 potius,
1044 2137 1137 2197 quam
1159 2114 1199 2174 ad
1220 2114 1373 2190 historiae,

260 2220 296 2259 ac
318 2202 452 2260 veritatis
474 2198 600 2259 modurn
622 2221 661 2258 ex
683 2220 794 2260 rassae.
838 2200 901 2261 Sed
921 2205 1012 2282 aequi
1033 2223 1134 2261 rerum
1157 2203 1374 2273 aestimatores,

259 2287 306 2344 uti
328 2288 481 2364 graviora,
506 2287 637 2366 quaein
659 2221 718 2346 hoc
739 2287 844 2346 libello
866 2287 988 2366 legunt,
1011 2289 1142 2346 aliorum
1162 2285 1374 2346 historicorum

258 2373 440 2430 testimoniis
463 2371 657 2450 comprobata
676 2370 801 2446 vident3
823 2376 865 2431 ita
884 2384 915 2431 et
930 2374 1045 2432 leviora
1059 2375 1113 2434 illa
1127 2371 1276 2446 viderent,
1297 2389 1373 2451 qnae

258 2458 298 2515 ob
326 2457 479 2535 sepultam
500 2457 632 2516 tenebris
659 2459 847 2538 andquitatis
870 2455 1045 2533 historiam,
1076 2461 1213 2517 invenire
1234 2460 1373 2516 testimo·

258 2545 346 2601 nium
370 2541 453 2600 idem
475 2562 536 2600 non
558 2553 732 2620 potuerunt.
775 2547 817 2601 At
844 2564 914 2603 vero
941 2555 975 2603 ut
1005 2542 1061 2602 has
1089 2547 1171 2623 ipsas
1198 2544 1372 2616 sententias,

259 2647 338 2708 qnae
360 2631 517 2685 veritatem
538 2626 685 2686 excedere
705 2626 856 2703 videntur,
880 2631 917 2687 ab
939 2650 975 2688 ea
996 2632 1123 2707 minime
1145 2626 1307 2687 abhorrere
1327 2628 1374 2684 le-

259 2724 324 2772 ctor
346 2715 513 2791 intelligam
537 2712 631 2788 illud,
653 2715 757 2788 velim,
779 2715 862 2793 legat
884 2713 1027 2774 historiae
1048 2716 1270 2793 fragmentum,
1292 2709 1373 2793 quod

259 2818 301 2857 ex
320 2797 511 2878 Theophane
533 2797 571 2857 ad
594 2820 623 2878 p.
648 2799 689 2860 56
710 2799 928 2878 produximus3
958 2803 992 2858 in
1013 2821 1050 2860 eo
1071 2820 1145 2859 sane
1166 2801 1251 2857 velut
1273 2802 1305 2856 in
1327 2809 1373 2854 ta-

258 2884 332 2942 bula
354 2883 565 2942 adumbratam
587 2887 808 2964 contempletur
823 2874 1050 2966 'rempublicam
1063 2890 1258 2964 Romanam,
1287 2880 1371 2962 quasi

260 2970 485 3028 lascivientium
506 2990 669 3049 puerorum
690 2973 827 3049 reginam
843 2973 937 3031 fuisse
956 2973 1115 3031 iustiniani
1136 2967 1332 3046 temporibus.

348 3057 385 3113 P.
408 3056 460 3126 90,
483 3061 514 3120 6.
557 3057 621 3116 Leo
645 3056 775 3134 quidam
793 3078 901 3133 genere
925 3055 1019 3134 Cilix]
1049 3057 1107 3112 llic
1127 3063 1191 3112 erat
1211 3055 1372 3132 imperato-

263 3140 304 3198 ris
325 3139 564 3216 referendarius,
587 3151 621 3198 nt
642 3138 735 3198 habes
757 3141 835 3198 infra
857 3161 890 3219 p.
914 3142 985 3204 129.

348 3226 384 3282 P.
406 3225 465 3300 95,
491 3229 540 3287 16.
585 3225 623 3284 In
644 3227 805 3282 maritima
827 3224 1027 3298 suburbana,
1052 3225 1233 3303 praesertim
1254 3223 1288 3281 in
1312 3224 1375 3281 He.

264 3329 372 3370 rarum
395 3308 560 3388 secedebat]
583 3309 749 3388 Praecipua
773 3309 951 3369 deliciarum
970 3311 1036 3369 loca
1057 3309 1112 3367 sub
1133 3311 1209 3368 urbe
1230 3311 1375 3388 Byrarrtio

158 3399 248 3456 vsa
266 3396 341 3455 haec
361 3396 593 3475 imperatoribus
614 3396 755 3468 fuerunt;
769 3391 937 3476 ‘'Eddopo'v,
956 3398 1143 3474 Septimum:
1164 3414 1226 3452 non
1247 3395 1376 3472 septima

262 3483 402 3563 Byzantii
420 3484 530 3564 ,reglo,
561 3491 595 3538 nt
625 3483 765 3560 opinatur
787 3485 962 3541 lleribertus
984 3479 1161 3559 llosveydus
1190 3483 1222 3536 in
1250 3491 1314 3537 not.
1337 3475 1377 3535 ad

261 3572 316 3630 vit.
334 3570 401 3625 Pet.
424 3566 479 3625 sed
500 3566 707 3625 suburbanum
729 3571 859 3646 septimo
881 3568 918 3624 ab
939 3565 1013 3624 urbe
1038 3562 1140 3645 lapide
1163 3563 1288 3624 distans.
1332 3567 1377 3621 lta

263 3657 420 3726 Socrates,
452 3661 481 3708 et
503 3651 708 3726 Sozornenus,
739 3653 854 3710 ldatius
875 3653 908 3709 in
938 3652 1040 3726 fastis,
1075 3651 1189 3711 Valens
1210 3649 1378 3728 Augustus

265 3737 582 3816 Constantinopolim
599 3735 737 3793 miliario
758 3739 887 3814 septimo
903 3737 1024 3795 leuatus
1046 3747 1106 3811 ert‚·
1128 3746 1159 3801 et
1179 3736 1269 3792 infra.
1313 3737 1379 3794 His

263 3824 444 3884 consulibus
465 3823 586 3880 leuatus
606 3831 650 3879 eet
670 3819 833 3880 Arcadius
859 3822 1029 3902 Augustus
1053 3819 1378 3900 Constantinopolim

262 3911 402 3969 miliario
425 3910 561 3988 septimo.
604 3909 754 3986 Pleraque
775 3906 835 3965 alia
856 3909 924 3967 loca
948 3918 1033 3982 sunt,
1063 3926 1141 3987 quae
1168 3927 1209 3965 ex
1238 3924 1378 3964 mensura

263 4006 362 4055 certae
392 3995 429 4052 ab
458 3994 583 4052 urbibus
612 3991 771 4050 distantiae
799 4012 911 4052 nomen
942 4003 1131 4072 acceperrnrt.
1176 3990 1213 4050 ld
1245 3993 1377 4069 explicat

172 4089 250 4146 Αεο
265 4083 430 4159 Procopius
458 4083 491 4137 in
521 4079 671 4137 consimili
700 4080 824 4136 nomine
850 4077 917 4142 l.4
946 4077 1037 4136 aedif.
1066 4071 1221 4160 φρούριον
1242 4074 1276 4138 dl
1305 4070 1377 4136 itta

265 4166 475 4244 διαφερόντως
503 4161 607 4269 ἔχυςόν
630 4157 775 4243 ἀνέστησε
793 4160 974 4246 Σιγγιδόνος
1001 4157 1079 4226 dntoi
1104 4165 1241 4243 captiose
1267 4157 1375 4240 διέχον,

262 4249 340 4333 ὅπερ
358 4245 507 4329 Ὀκτᾶβον
528 4256 608 4332 λογῳ
629 4252 672 4334 τῷ
693 4245 787 4311 elain
807 4253 943 4312 καλοῦσι.
986 4247 1186 4307 Praesidium
1207 4243 1302 4304 aliud
1321 4266 1378 4323 ap-

202 4397 209 4412 ,
259 4341 362 4420 prime
384 4337 628 4394 munitissimum
650 4337 809 4412 excitavit,
839 4331 924 4414 quod
952 4333 991 4392 ab
1020 4334 1095 4393 urbe
1116 4329 1285 4410 Singidone
1313 4340 1377 4388 octo

256 4426 360 4507 ferme
391 4419 585 4480 milliaribus
613 4418 731 4494 dictam
760 4440 856 4502 quare
887 4421 1041 4480 Octavum
1069 4421 1210 4500 apposite
1241 4427 1376 4476 tucatur.
