3125 4959
258 363 336 444 424
608 361 660 437 ΙΝ
682 367 795 440 mss.
816 368 1015 438 attotam

257 531 331 593 inde
352 552 371 592 a
393 531 589 594 constantino
608 552 720 616 magno
744 535 833 617 quasi
858 543 1005 594 tesseram
1025 532 1180 614 religionis
1201 553 1294 616 quam
1314 555 1366 593 co-

165 625 243 685 Δ78
258 620 367 692 ierem,
389 619 438 677 Pii
458 638 568 679 nornen
590 619 648 679 sibi
667 617 870 680 vindicarunt.
912 623 940 680 Α
959 621 1128 695 Gentilibus
1148 621 1203 678 illa
1228 641 1262 680 se
1280 639 1366 678 acce-

256 705 339 786 ptsss
361 703 502 762 fatentur.
545 705 701 766 licerius.
722 722 903 769 suousrus.
928 707 1068 766 Cassan.

344 790 380 847 Ρ.
402 787 453 863 84,
478 785 529 853 15.
571 790 611 849 In
631 790 747 850 coelum
768 793 934 871 improviso
954 789 1171 870 corriperetur]
1201 789 1366 847 Consecra-

257 874 375 934 tionem
396 884 425 932 et
439 867 627 953 ἀποθέωσιν,
649 895 704 936 suo
725 896 821 951 more,
844 873 902 936 hoc
921 886 976 951 est,
999 877 1176 948 Gentilium,
1198 874 1365 952 significare

256 958 459 1018 Tribonianus
481 957 612 1036 volebat,
634 957 812 1026 huiusmodi
832 972 934 1040 raptus
953 965 987 1021 iu
1009 962 1131 1022 coelum
1148 961 1316 1018 etiamnum
1333 961 1366 1014 in

257 1045 472 1123 imperatorum
492 1047 683 1106 nomismatis
704 1057 735 1106 et
755 1048 789 1105 in
810 1047 923 1105 fornice
943 1050 1040 1111 Arcus
1057 1047 1122 1105 Titi
1144 1049 1259 1104 Romae
1280 1041 1366 1111 vide-

255 1147 340 1205 mus,
370 1140 400 1188 et
421 1131 454 1188 in
476 1149 532 1190 suo
551 1129 625 1192 ludo
646 1132 765 1192 Seneca
786 1130 913 1192 deridet.
956 1133 1008 1192 Sic
1029 1130 1155 1214 quidem
1181 1144 1312 1206 nugator
1337 1135 1366 1184 et

255 1209 351 1290 ἄθεος
371 1215 586 1276 Tribonianus.
628 1216 743 1278 Verum
765 1237 807 1276 ex
828 1215 1007 1278 Christianis
1030 1235 1094 1275 non
1123 1213 1220 1272 defuit
1241 1216 1367 1271 loannes
1418 1277 1424 1290 ι

254 1297 430 1359 calcedonii
449 1300 530 1360 filius
551 1301 901 1381 Constantinopolitanm
926 1298 1114 1382 patriarcha,
1135 1299 1189 1379 qui
1202 1296 1259 1378 (ut
1279 1299 1368 1355 Nice-

253 1381 369 1464 phorus
392 1384 447 1461 ait)
470 1383 581 1446 abhinc
603 1389 692 1447 annis
710 1385 940 1468 quadringentis
962 1387 1091 1445 solemni
1113 1386 1173 1441 ritu
1193 1385 1274 1440 inter
1292 1383 1367 1440 anis-

253 1488 359 1528 sarum
380 1471 542 1548 reilgiones
564 1467 724 1532 Iustiniani
753 1475 841 1552 quasi
870 1472 954 1532 coelo
977 1472 1089 1549 recepti
1115 1470 1296 1527 memoriam
1317 1486 1367 1524 ce-

252 1553 392 1613 lebravit.
436 1556 472 1612 ln
502 1574 563 1634 quo
591 1556 673 1616 facto
703 1557 844 1616 Graeculi
871 1554 1056 1616 schismatici
1082 1554 1237 1612 levitatem
1264 1549 1365 1622 vides3

251 1656 326 1697 nam
346 1640 378 1696 in
408 1639 618 1700 ecclesiasticis
639 1643 785 1701 Romanis
810 1641 939 1718 tabulis,
967 1650 999 1700 et
1026 1643 1060 1698 in
1088 1641 1162 1718 ipsis
1185 1641 1367 1697 Graecorum

251 1723 434 1802 menologiis
463 1726 584 1784 nullum
611 1727 771 1786 iustiniani
800 1728 934 1786 nonrinis
961 1726 1127 1801 vestigium
1156 1731 1291 1800 apparet.
1335 1722 1368 1778 Si

250 1827 387 1890 unquam
409 1829 428 1867 a
450 1812 596 1888 quopiam
617 1811 803 1870 Graecorum
822 1813 1014 1888 basoriptum,
1035 1817 1066 1866 et
1085 1805 1195 1863 deinde
1217 1806 1368 1879 abrasum,

251 1904 283 1950 et
311 1894 506 1950 obliterarum
533 1902 599 1965 est3
629 1889 689 1952 hoo
719 1895 822 1972 ipsum
849 1896 1044 1952 temerarium
1069 1891 1153 1948 illius
1182 1887 1368 1968 patriarchae

251 1976 369 2034 iactum
400 1973 549 2055 explodit.
592 1978 697 2036 Patres
720 1979 840 2037 concilii
862 1979 1003 2036 Trullani
1029 1979 1063 2034 in
1086 1975 1275 2054 praelatione
1295 1995 1369 2033 suc·

252 2080 323 2120 rum
343 2079 493 2119 cationum
514 2063 570 2140 τῆς
589 2063 680 2136 θείας
700 2056 814 2142 λήξεως
834 2064 1037 2123 lastinianum
1059 2056 1184 2134 dixere3
1212 2071 1243 2118 et
1266 2071 1367 2139 patres

252 2147 374 2206 concilii
403 2148 484 2204 sexti
506 2147 563 2206 ,οΡ
592 2148 685 2210 etiam
712 2145 922 2207 Theodoram.
961 2145 1029 2207 ‘sed
1055 2166 1092 2205 ea
1122 2143 1242 2203 dicendi
1269 2148 1367 2204 torma

251 2233 389 2291 ornrrium
410 2227 652 2291 Christianorum
673 2233 837 2292 Caesarum
857 2236 1022 2291 memorias
1042 2233 1186 2313 prosequi
1207 2231 1366 2308 scriptores

250 2318 361 2376 solent.
404 2317 507 2374 Etiam
527 2317 724 2381 Anastasium
749 2318 964 2398 imperatorem
985 2317 1181 2375 Haereticam
1201 2317 1245 2370 lta
1266 2317 1368 2373 nomi-

248 2412 358 2460 natum
384 2419 475 2478 supra
502 2397 543 2458 ad
569 2419 602 2480 p.
630 2401 673 2466 25
702 2402 756 2461 Ιίιι.
785 2407 814 2465 1.
843 2404 958 2462 notavi.
1001 2403 1106 2459 Patres
1138 2400 1258 2458 concilii
1288 2400 1367 2458 sexti

250 2485 594 2564 Constantinopolitani,
629 2496 664 2546 nt
692 2489 725 2545 in
753 2487 939 2569 quibusdam
968 2487 1181 2564 manuscriptis
1213 2481 1366 2544 codicibus

251 2580 317 2644 est,
345 2572 546 2630 lastinianum
567 2569 602 2635 ἐν
624 2568 725 2652 ἁγίοις
744 2585 866 2636 vocant.
908 2572 972 2633 Sed
992 2571 1067 2654 quid
1090 2568 1159 2630 esti
1188 2572 1281 2628 etiam
1301 2573 1367 2628 Au·

252 2653 339 2714 dreas
361 2653 533 2736 Ephesinus
554 2657 689 2717 Antistes
718 2660 836 2718 actione
859 2656 978 2717 decima
1006 2656 1116 2737 synodi
1138 2653 1368 2714 Chalcedonen-

250 2741 293 2800 sis
315 2738 527 2800 Theodosium
547 2742 700 2800 iuniorem
721 2739 756 2805 lv
776 2741 876 2824 ἁγίοις
898 2744 993 2801 semel
1021 2754 1111 2822 atque
1133 2743 1245 2799 iterum
1265 2743 1367 2799 raami-

249 2837 320 2902 nat,
351 2836 381 2884 et
403 2837 491 2898 autor
512 2827 593 2886 vilae
615 2829 712 2886 sancti
732 2828 796 2886 Nili
819 2825 1031 2888 Theodosium
1052 2829 1203 2885 seniorem
1224 2825 1258 2887 ἔν
1281 2820 1367 2908 oiyye'-

248 2915 330 2985 tna,
360 2922 392 2970 et
413 2912 576 2971 concilium
597 2913 788 2987 Romanum,
810 2911 993 2972 Gotthorum
1015 2931 1120 2990 regem
1141 2908 1367 2970 Theodoricum

249 3007 394 3054 sanctum
410 2999 583 3076 principem
610 2995 705 3072 dixin
736 3017 868 3080 quorum
887 3000 991 3057 nullus
1015 3000 1049 3055 in
1071 2997 1176 3053 album
1196 3006 1367 3053 solaciorum

249 3083 363 3140 relatus
384 3093 448 3156 est,
471 3092 502 3141 et
523 3078 734 3143 Theodoriana
755 3085 888 3142 Arianus
908 3083 978 3140 fuit.
1024 3079 1105 3152 Quid
1125 3077 1235 3158 plura‘i
1265 3083 1367 3162 Impe-

249 3177 366 3225 ratores
387 3168 502 3244 passim
525 3184 769 3243 sacasrrssrur,
798 3178 830 3225 et
850 3183 1045 3226 nrvrntsstur
1071 3165 1279 3245 appellantur-3
1309 3165 1368 3244 ipsi

251 3248 292 3308 de
319 3269 369 3324 se,
398 3255 553 3310 sosrnu'st
580 3269 708 3327 suum
739 3270 847 3310 eomm
873 3249 1040 3331 diplomata
1070 3268 1208 3325 saonae,
1235 3269 1367 3310 marnas

251 3350 433 3408 urreisa,
459 3334 541 3393 Aula
563 3351 693 3396 sscsurs
712 3352 896 3410 rscsrruu,
925 3355 1035 3396 nonus
1057 3354 1189 3410 nivium
1220 3337 1288 3413 ipsa
1309 3340 1369 3393 im-

250 3429 426 3498 peratorum
448 3435 599 3480 vssmcra
623 3436 725 3480 sacua
752 3432 974 3501 nuncupantur.
1019 3422 1188 3482 0rbiculari
1215 3421 1271 3478 illo
1302 3419 1369 3479 dia-

252 3501 391 3578 demate,
414 3503 498 3586 quod
521 3501 579 3564 diis
601 3506 676 3565 olhn
698 3509 868 3586 gentilitas,
890 3527 946 3568 nos
967 3509 1079 3569 sanctis
1102 3508 1175 3564 viris
1196 3505 1368 3584 tribuimus,

251 3588 391 3649 redimita
422 3593 640 3670 imperatorum
667 3594 766 3672 capita
793 3595 825 3650 iu
854 3609 960 3652 eorum
987 3594 1123 3651 nummis
1149 3609 1250 3648 noune
1281 3591 1368 3650 ride-

147 3679 238 3738 {³143
253 3674 347 3736 snns‘l
368 3677 415 3734 Ea
436 3673 526 3755 porro
543 3685 610 3735 'non
631 3679 750 3751 meriti,
771 3675 828 3736 sed
849 3679 1024 3757 imperialis·
1038 3691 1070 3736 et
1090 3676 1191 3752 regiae
1213 3673 1368 3754 diguitatis

251 3762 461 3842 praerogativa
476 3770 539 3840 est.
583 3763 662 3819 Nam
683 3763 891 3822 sanctissimus
912 3775 1029 3842 martyr
1050 3762 1213 3840 Dionysius
1228 3765 1369 3821 Alexan-

252 3847 367 3920 drinus,
390 3855 426 3904 ut
447 3854 535 3903 antor
555 3853 602 3904 est
623 3846 791 3921 Eusebius,
814 3850 905 3906 etiam
927 3849 1122 3908 Valeriamnn
1143 3857 1173 3904 et
1195 3849 1369 3906 Gallienum

252 3931 381 4010 gentiles
400 3932 563 4012 principes,
584 3933 799 3990 sanctissimos
817 3936 1016 4013 nuncupavit.
1059 3929 1154 4011 idque
1176 3935 1301 3992 omniuo
1325 3944 1370 3992 est

253 4015 478 4076 observandum
499 4013 581 4098 apud
603 4017 820 4078 ecclesiasticos
843 4022 1004 4100 scriptores
1027 4036 1077 4076 eas
1098 4017 1220 4076 dicendi
1243 4017 1368 4094 fonnas,

253 4095 324 4164 liv
346 4099 461 4184 ἁγίοις,
484 4100 501 4167 ὁ
522 4101 556 4166 ἒν
576 4099 690 4180 ὁσίοις,
716 4101 735 4167 d
755 4103 789 4168 ἒν
810 4097 961 4186 ἀγγέλοις,
989 4098 1111 4163 honoris
1133 4113 1251 4161 tantum
1273 4107 1369 4183 gratia

159 4264 161 4269 Ι
252 4205 474 4268 nonnunquam
494 4191 645 4271 usurpari.
687 4191 785 4264 Quare
805 4192 900 4249 nimis
922 4199 1027 4247 cautus
1048 4199 1094 4248 est
1113 4191 1263 4266 interpres
1284 4202 1369 4249 octa·

251 4290 310 4331 vae
328 4271 437 4352 synodi
458 4276 518 4334 ΟΡ.
540 4277 594 4358 qui
616 4294 710 4350 riou,
733 4293 863 4338 sacrauit
883 4275 1096 4356 imperatorem
1116 4287 1210 4354 quam
1230 4287 1369 4333 sanctum

252 4353 355 4444 dicere
391 4362 518 4422 mavult.
569 4362 748 4423 Anastasius
777 4364 922 4442 mtiquus
952 4363 1100 4441 interpres
1133 4359 1211 4418 bene
1245 4363 1369 4422 retinuit
