3125 4959
574 434 719 502 notan
742 435 965 502 munaum.
1251 437 1326 507 455

227 601 272 658 De
301 618 360 679 qua
387 597 513 657 Graecia
541 595 634 657 dicit'i
666 601 746 658 Num
774 599 812 658 de
843 612 904 659 tota
932 601 986 660 illu
1016 600 1096 660 orbis
1123 609 1223 680 parte,
1251 618 1328 680 qaino

228 687 340 742 Graeca
368 685 517 790 loquitur,
542 703 581 742 an
603 682 641 742 de
664 704 717 758 ea,
745 686 778 744 in
799 705 876 766 qua,
905 697 938 746 ut
959 687 1135 746 Aristoteles
1159 691 1176 751 1
1203 696 1330 744 meteor.

229 789 295 848 cop.
324 769 379 828 ult.
407 772 463 843 ait,
493 765 593 853 daneon
620 769 652 831 oi
679 769 799 844 Σελλοὶ,
829 770 878 831 ecl
909 772 944 833 oi
969 768 1152 851 καλούμενοι
1179 766 1246 833 τότε
1273 767 1329 849 uic

230 851 362 933 Γραικο1,
383 858 443 916 νῦν
465 851 498 916 δε
509 851 663 932 Ἕλληνες,
685 854 867 913 habitabunt
890 857 1021 927 sellun
1042 860 1097 936 qui
1117 857 1192 914 olim
1208 856 1331 933 Graeci,

228 960 309 996 nunc
329 959 399 997 cero
421 941 564 998 Hellenas
583 940 759 999 vocantur?
784 943 899 1000 llouuu
919 941 995 1000 fines
1015 944 1102 1021 ponit
1118 943 1332 1000 Constantinus

228 1021 375 1102 Porphyr.
396 1026 419 1083 l.
443 1030 458 1088 1
489 1021 585 1082 them.
609 1029 647 1090 17
675 1022 748 1084 binc
768 1026 904 1099 Sestum,
925 1025 1089 1105 Abydmn,
1119 1037 1150 1085 et
1168 1028 1332 1104 Proponti-

229 1107 318 1181 drm;
340 1107 410 1166 inde
432 1129 502 1168 vcro
524 1111 666 1190 Cyzicum
686 1120 721 1168 at
737 1112 901 1170 Granicum
919 1112 1054 1168 hovium.
1098 1105 1280 1175 Graecorum
1303 1121 1332 1168 et

228 1196 371 1251 Graeciae
399 1197 523 1252 nomine
552 1215 636 1270 raro,
666 1197 716 1254 tel
741 1216 901 1276 uunquam
927 1206 1041 1254 veteres
1068 1205 1188 1253 autores
1215 1198 1334 1271 Graeci,

229 1280 401 1358 frequenter
417 1282 544 1338 Rotnani
563 1282 609 1340 usi
627 1291 713 1353 srmt3
735 1283 846 1341 seculis
863 1282 1075 1361 posterioribus
1095 1282 1187 1337 etiam
1208 1281 1256 1337 illi
1277 1302 1334 1338 vo-

229 1385 296 1421 cem
316 1376 506 1442 usurparunt,
529 1376 559 1424 et
578 1369 737 1426 universae
758 1387 837 1448 equae
854 1369 967 1424 Graece
982 1367 1156 1445 loqueretur
1174 1366 1258 1442 genti
1279 1383 1332 1422 ac-

228 1448 474 1524 commodarunt,
502 1463 535 1510 nt
564 1462 608 1510 est
637 1450 719 1531 apud
740 1455 892 1511 lulianum
909 1456 1103 1531 Apostatum,
1130 1448 1332 1523 Athenaeum,

229 1534 427 1594 Theodorum
449 1535 602 1595 Studitem
629 1539 662 1594 in
693 1537 849 1617 epistolis,
870 1548 900 1594 et
922 1540 1009 1596 alios.
1052 1537 1104 1595 Sic
1125 1534 1332 1614 accipiendum

228 1617 279 1677 hic
299 1621 435 1678 arbitror.
477 1621 516 1680 Et
538 1621 596 1680 hoo
617 1643 708 1682 sensu
729 1628 862 1703 primum
883 1624 1042 1681 Iustiniani
1064 1633 1200 1701 tempore
1221 1624 1334 1678 Romu-

229 1724 304 1762 nmn
332 1707 492 1784 imperium
520 1707 703 1766 Graecorum
732 1708 791 1767 dici
818 1713 980 1786 imperium
1009 1710 1107 1786 coepit
1136 1727 1154 1764 a
1180 1708 1335 1778 Romanis,

229 1788 312 1869 qnod
350 1793 415 1848 eius
454 1793 551 1868 gentis
584 1791 821 1854 dominationem
859 1805 889 1852 et
924 1796 1036 1853 lustum
1067 1788 1335 1851 stomacharentur.

229 1878 333 1933 Artast.
356 1875 496 1934 biblioth.
883 1895 887 1906 ·

313 1961 349 2016 P.
374 1962 449 2032 134,
474 1962 601 2024 12A
567 1958 751 2039 Alexander,
773 1966 829 2040 qui
849 1983 883 2019 eo
904 1965 1034 2022 censitor
1054 1964 1168 2020 adesus
1191 1959 1252 2039 est]
1280 1961 1337 2016 llic

157 2050 160 2055 ’
230 2042 404 2101 Alexander
425 2055 470 2100 est
482 2045 657 2119 Psallidius,
679 2049 743 2106 sive
757 2048 914 2122 Forticrrla,
936 2046 976 2106 de
996 2067 1056 2126 qno
1071 2047 1150 2104 infra
1161 2047 1336 2124 Procopius,

230 2139 260 2185 et
282 2131 348 2186 l'use
371 2149 406 2185 uc
429 2129 523 2186 libere
545 2128 582 2186 de
612 2131 676 2187 cius
698 2133 834 2188 moribus
860 2133 881 2186 l.
904 2137 923 2194 3
947 2133 1019 2190 bell.
1041 2127 1144 2188 Gotth.
1164 2133 1267 2201 initio,
1297 2129 1336 2184 ub

231 2217 327 2272 accisa
347 2223 469 2272 moneta
491 2225 520 2272 et
539 2214 641 2271 forfice
663 2211 789 2274 detonsa
814 2215 906 2292 vulgo
925 2217 1072 2273 Porticulu
1093 2224 1228 2272 vocatus.

315 2301 351 2357 P.
368 2297 440 2372 135,
462 2303 493 2364 6.
535 2298 740 2377 Limitanecs]
761 2302 903 2357 Zosimus
924 2301 946 2358 l.
969 2303 990 2361 2
1013 2322 1030 2357 ιι
1051 2301 1247 2357 Constantino
1269 2317 1337 2353 ruu-

230 2385 291 2462 gtio
320 2343 544 2442 limitaneorum
573 2403 735 2442 numerum
762 2383 946 2443 diminutum
975 2389 1069 2445 tuisse
1098 2395 1212 2444 rrarrat.
1254 2386 1338 2461 Lege

230 2487 310 2549 equae
330 2471 421 2546 paulo
438 2480 508 2528 anta
529 2472 700 2529 notavimus
723 2466 762 2527 ad
783 2491 814 2550 p.
839 2471 911 2532 105.

315 2555 351 2610 Ρ.
370 2552 442 2625 135,
464 2557 495 2615 7.
542 2553 791 2629 Quadriennclia
808 2569 837 2610 et
858 2552 1104 2632 quinquennalia
1123 2547 1327 2630 stipendial
1300 2573 1342 2608 ι.

230 2637 272 2695 lie
293 2657 315 2694 a
336 2635 550 2714 quaestoribus
572 2635 780 2717 distet-rentur]
806 2639 851 2695 ob
874 2639 907 2693 1ι1
928 2641 1041 2695 milites
1061 2637 1231 2695 Berrhaeae
1253 2657 1340 2715 prae-

231 2720 345 2782 sidiarii
364 2719 401 2778 ad
417 2718 580 2778 Chosroem
598 2721 782 2779 deiecerunt.
825 2721 1019 2787 1111211111.
1035 2723 1118 2779 Pers.
1161 2723 1378 2798 Bagistaeusl'
1398 2725 1446 2778 16.

231 2806 270 2866 da
292 2805 400 2866 eudem
421 2827 453 2864 re
475 2807 610 2886 querum
630 2828 685 2886 per
705 2807 846 2886 epistolas
868 2803 984 2862 ibidem
1004 2807 1081 2862 circu
1104 2805 1197 2862 finem
1219 2808 1297 2861 libri.

316 2895 352 2950 P.
373 2893 445 2965 135,
469 2896 519 2954 13.
566 2893 653 2969 Quos
673 2903 784 2950 vocant
805 2891 892 2949 cclrol
879 2889 988 2968 lurica]
1020 2891 1111 2961 Qtrusi
1133 2883 1340 2970 σχολαζοντιις,

232 2978 341 3036 bellico
364 2977 401 3034 nb
423 2999 512 3056 opere
535 2990 697 3066 ucrcqrttea,
718 2989 749 3036 et
770 2978 864 3036 veluti
885 2978 1007 3035 feriatos
1027 2978 1150 3034 milites.
1192 2979 1283 3045 Num,
1307 2982 1341 3031 ut

233 3068 275 3121 ‹nt
296 3066 330 3120 A
324 3061 442 3140 gothiae
464 3063 486 3120 l.
509 3065 541 3128 5.
574 3056 659 3125 οὗτοι
674 3068 857 3162 στρατιῶται
878 3060 934 3142 μὲν
956 3057 1170 3142 ὀνομάζονται,
1190 3060 1241 3121 καὶ
1264 3060 1340 3164 ἐγγε-

232 3143 468 3230 quinquennale
488 3151 550 3208 cciv
572 3143 747 3230 καταλόγων
768 3150 915 3227 βιβλίοις,
941 3147 1000 3210 εἰσι
1025 3145 1058 3209 di
1080 3171 1112 3209 οι
1102 3141 1279 3208 noiioi’
1260 3163 1341 3206 οιστι
1359 3145 1451 3201 utos

231 3235 282 3296 nol
304 3255 335 3295 τε
356 3231 409 3295 uui
427 3233 676 3314 φαιδροείμονες,
697 3232 749 3295 καὶ
771 3228 868 3314 μόνον
889 3229 1014 3313 oluut''
995 3255 1090 3314 oyucu
1110 3235 1166 3292 coti
1187 3232 1342 3310 βασιλείου

233 3319 337 3388 evena,
364 3317 417 3379 uui
438 3322 493 3396 τῆς
514 3317 548 3380 ἐν
568 3325 634 3392 ταῖς
655 3313 802 3399 ποοόδοις
823 3290 1021 3400 μεγ1111ιοχίας
1051 3316 1252 3397 ἐξευρημένοι
1296 3317 1344 3372 Hi

233 3407 277 3461 mi
278 3406 347 3461 lites
368 3401 493 3482 quidem
514 3407 723 3473 nominantur,
748 3415 777 3462 et
799 3406 832 3462 in
853 3404 925 3463 albo
946 3405 1112 3480 conscripti
1131 3412 1215 3476 sunt,
1236 3423 1287 3459 ver
1289 3421 1343 3458 um

233 3488 461 3568 quamplurimi
480 3509 586 3548 eorum
607 3488 712 3546 urbem
733 3491 849 3561 colunt,
870 3499 899 3547 et
919 3491 1048 3546 vestium
1065 3499 1179 3544 ornatu
1191 3485 1344 3566 gaudent,

233 3585 326 3653 utque
348 3583 384 3631 ut
404 3595 472 3632 reor
492 3573 537 3632 ad
552 3594 700 3653 pompam
714 3571 870 3632 duntaxat
887 3576 1052 3651 principis,
1070 3575 1196 3651 eiusque
1215 3575 1251 3629 in
1267 3594 1344 3649 pro-

234 3659 369 3718 cessibus
389 3660 579 3717 maiestatem
601 3657 760 3718 adinventi
775 3657 922 3737 suerunt.
965 3658 1116 3716 Horum
1107 3678 1138 3713 m
1165 3658 1278 3735 palatio
1300 3657 1342 3713 uti

234 3749 340 3804 munia
361 3743 488 3817 diverso,
511 3748 555 3802 sic
575 3748 717 3818 norniua5
735 3745 929 3834 praetoriani
946 3745 1069 3819 milite-r,
1091 3741 1230 3800 custodes
1246 3741 1343 3820 pala·

234 3833 290 3910 tii,
318 3829 516 3898 excubitores,
545 3833 682 3908 corporis
703 3828 856 3932 custodes,
885 3818 923 3887 de
945 3830 1055 3909 quibus
1076 3847 1166 3906 supra
1187 3825 1278 3904 adp.
1301 3829 1343 3888 28

233 3914 289 3974 lin.
315 3919 365 3980 tt.
407 3919 523 3974 Horum
545 3916 597 3971 alii
619 3927 703 3974 erant
725 3918 778 3996 qui
807 3912 957 3994 stipendia
979 3915 1185 3984 merebantur,
1215 3912 1268 3968 1111
1289 3929 1343 3967 co-

235 3999 404 4060 dicillares:
438 4021 530 4080 qnare
556 4001 669 4058 mirum
693 4003 755 4058 noh
777 4011 824 4059 cst
842 3999 883 4058 ad
908 4002 966 4059 tria
987 4001 1084 4057 millia
1110 4009 1140 4055 et
1163 3997 1342 4074 quingentos

236 4088 348 4160 luisse,
382 4096 473 4165 atque
504 4087 540 4143 iis
567 4089 845 4163 supeummerarios
874 4105 892 4143 a
920 4087 1086 4144 Iustiniano
1116 4079 1235 4139 additos
1266 4101 1342 4153 esse,

236 4190 307 4228 cum
328 4169 453 4230 honoris
475 4191 547 4249 ergo
575 4190 646 4228 enm
667 4170 797 4247 gradum
818 4182 909 4252 atque
931 4189 1041 4227 nomen
1062 4167 1211 4225 urubirent
1233 4187 1343 4247 quum-

235 4257 370 4334 plurimi.
421 4259 537 4315 Horum
574 4253 704 4334 denique
733 4255 854 4316 ordines
884 4253 976 4314 modo
1008 4254 1198 4332 appellantur
1228 4256 1359 4332 officia„

236 4351 326 4421 atque
347 4341 385 4399 ab
407 4340 517 4400 horum
538 4342 725 4421 praefectura
747 4341 857 4402 dicitur
873 4343 1020 4420 magister
1035 4340 1229 4416 officiorum,
1252 4357 1344 4420 quem

236 4428 342 4486 Graeci
364 4424 530 4508 μᾶγιστοον
551 4433 613 4508 τῶν
634 4427 667 4492 ἕν
687 4430 824 4508 naiasin
845 4423 975 4501 ettam:
998 4423 1089 4483 ιιιιιιΙιι
1114 4423 1254 4499 scholar,
1277 4443 1345 4500 cqc-
