3125 4959
560 460 705 528 NOTAE
729 461 955 533 intusum.
1238 465 1313 536 369

206 628 297 688 triarii
290 625 374 684 tibi
394 621 469 684 deus
492 631 593 685 annos
619 645 785 706 cumpace
804 617 969 699 concedat,·
998 648 1072 688 nans
1098 628 1189 687 illius
1217 649 1315 688 ιιοιιιι.

205 715 298 790 ginta
319 721 348 768 et
370 713 507 812 amplius
529 731 607 769 anns
600 711 767 789 '‚suerunt
793 712 960 772 Theodosii
981 735 1050 774 uero
1072 717 1315 794 quinquaginta.

205 800 266 857 Pro
292 806 364 855 nota
393 790 418 858 ιι’
448 817 563 877 repono
584 815 646 854 ιιοιι
669 794 867 873 dissimilem,
897 798 1061 881 eidemque
1088 803 1262 880 proximam
1283 804 1317 858 in

205 881 311 940 ordina
331 901 530 940 nrtmerorum
548 904 586 952 ιι,
614 891 648 939 ut
670 884 730 941 sint
751 885 822 940 ιιιιιιί
842 886 1016 962 octoginta3
1044 905 1150 944 vereor
1172 889 1256 944 errim
1277 907 1318 946 ue

171 1010 174 1014 -
205 967 239 1024 in
267 986 303 1024 co
334 967 451 1026 schnlIo
478 965 626 1025 mendum
653 969 710 1042 sit,
749 969 834 1024 vel
826 987 857 1025 ιιι
885 971 1072 1029 Venetorum
1101 971 1317 1030 acclamatione

205 1050 352 1110 adulatio.
395 1055 475 1110 Nam
502 1063 537 1111 ut
559 1055 724 1130 nonaginta
744 1054 900 1111 Iustiniani
927 1057 1008 1112 vitae
1036 1075 1132 1116 annos
1161 1067 1318 1136 compute-

205 1156 287 1210 mus,
309 1134 443 1194 addendi
463 1149 533 1196 sunt
547 1136 586 1195 ad
599 1157 711 1197 uorem
732 1149 823 1218 atque
837 1141 957 1216 triginta
979 1141 1044 1198 eius
1066 1142 1198 1220 imperii,
1221 1161 1318 1200 unum

206 1232 239 1279 et
260 1224 498 1303 quinquaginta:
527 1225 612 1302 atqui
639 1225 738 1280 virum
764 1226 856 1282 utrius
878 1233 907 1280 et
929 1226 1146 1304 quinquaginta
1168 1246 1317 1284 annorum

207 1318 308 1366 aetate
334 1306 487 1366 iuniorem
513 1310 678 1387 Procopius
705 1312 833 1368 minime
864 1307 1001 1368 dixisset.
1048 1312 1257 1390 Quamquam,
1283 1320 1319 1369 ut

206 1393 299 1470 plane
319 1393 425 1472 liquet,
448 1413 510 1452 non
530 1404 599 1450 tum
620 1405 718 1452 aetate
739 1396 889 1452 iuniorem
910 1394 1004 1452 fnisse
1026 1392 1096 1452 dicit
1115 1397 1319 1452 Iustinianum

206 1481 383 1557 Procopius,
405 1499 475 1537 cum
498 1480 610 1538 Caesar
630 1477 798 1538 declaratus
821 1491 886 1551 est3
906 1479 960 1538 sed
982 1499 1052 1537 canu
1072 1483 1186 1559 inipso
1209 1483 1319 1537 lustini

207 1566 394 1642 principatus
424 1563 550 1623 exordio
580 1585 636 1644 per
661 1566 836 1638 licentiam,
867 1567 919 1624 vel
949 1566 1098 1624 uerrucula
1127 1569 1317 1670 permittente
1335 1567 1359 1618 Α
1375 1564 1412 1621 22

207 1650 268 1706 sibi
289 1648 611 1709 administrationem
602 1653 724 1729 nuperii
744 1651 893 1709 sumebat.
937 1649 1063 1722 Quando
1087 1655 1235 1733 κροτατοῖς
1259 1645 1319 1712 tiv-

207 1736 316 1812 τείχετο
338 1738 394 1814 τῆς
414 1736 566 1808 πολιτείας
573 1783 582 1811 ,
611 1755 683 1793 curn
700 1747 851 1814 potestate
872 1737 1092 1815 rempublicam
1118 1735 1259 1826 gerebat,
1284 1745 1319 1793 ut

208 1821 341 1899 cyrillus
369 1818 637 1900 scythopolitanus
666 1823 811 1922 loquitur.
853 1821 944 1880 Tunc
972 1840 1043 1878 vero
1071 1815 1220 1902 spirantum
1246 1841 1321 1878 con-

208 1905 323 1962 iectura
348 1909 468 1986 assequi
495 1926 674 1985 possumus,
695 1909 833 1964 tertium
859 1917 889 1964 et
915 1908 1108 1984 trigesimum
1137 1908 1242 1964 aetatis
1264 1926 1322 1963 arr-

208 2007 284 2046 num
309 1993 493 2049 lastinianus
522 1991 642 2068 agebat.
690 1994 769 2049 Nam
798 1991 855 2049 suh
884 1990 975 2048 linem
1003 1994 1155 2050 Anastasii
1181 1989 1322 2049 domina-

209 2085 259 2132 tus
282 2076 462 2154 Byzantium
482 2079 602 2134 venisse
626 2078 828 2154 lastinianum
856 2078 1018 2152 trigenario
1045 2079 1192 2134 tremorem
1214 2074 1323 2133 Theo-

209 2158 314 2238 philus
336 2163 400 2219 eius
421 2171 597 2241 praeceptor
616 2160 758 2219 affirmat.
803 2163 837 2217 ln
861 2159 987 2218 obscuro
1002 2161 1127 2240 (pridem
1148 2171 1194 2218 est
1214 2179 1322 2235 οιιιιιιε,

209 2255 241 2302 et
270 2247 459 2318 consulatus,
489 2244 554 2304 dies
580 2265 652 2303 vero
673 2247 832 2303 Iustiniani
859 2247 1013 2304 natalitius
1041 2248 1100 2304 tuit
1121 2249 1227 2326 quinto
1249 2243 1323 2303 idus

208 2331 301 2404 Maii,
333 2329 484 2410 ludosque
505 2350 541 2389 ea
569 2328 619 2386 die
642 2331 825 2402 celebratos,
854 2329 936 2408 apud
957 2329 1181 2432 Theophanem
1202 2340 1322 2390 notatos

208 2411 305 2471 habes
327 2413 367 2471 ad
388 2435 504 2472 annmn
525 2418 708 2492 vigesimum
727 2419 878 2492 primum,
909 2427 940 2474 et
964 2417 1017 2494 vn
1020 2420 1150 2474 esimum
1171 2426 1323 2474 octavum.

207 2497 384 2564 Ridiculum
411 2508 457 2556 est
478 2508 686 2558 corrnnentum
714 2501 887 2576 interpretis
909 2499 949 2558 ad
977 2519 1013 2557 ea
1035 2503 1127 2558 verba
1150 2501 1299 2560 Suidae
1291 2521 1324 2558 ιιι

207 2604 281 2642 voce
301 2581 509 2689 Ἰλιμβογὲρων
553 2578 621 2657 Hori
643 2576 743 2648 ιδ’.ρ
723 2604 740 2642 ο
762 2578 795 2642 δὲ
811 2577 1065 2654 Ἰουοτινιανος
1044 2608 1062 2646 o
1086 2582 1229 2660 βασιλεύς
1250 2610 1326 2663 τυμ-

208 2659 388 2774 βογὲοων
365 2692 408 2747 ην
427 2665 501 2746 ἤδη.
544 2667 616 2724 Νοιι
638 2675 770 2738 constat,
799 2668 916 2744 inquit,
946 2666 1026 2744 quiri
1044 2668 1107 2726 sihi
1135 2671 1229 2727 selint
1249 2670 1325 2728 haec

209 2750 277 2833 πρὸ
291 2747 347 2814 κδ’.
370 2750 407 2809 id
426 2763 480 2824 est,
502 2761 574 2808 unte
593 2753 706 2829 viginti
727 2762 880 2828 quietatur:
902 2753 1029 2811 sortasse
1051 2751 1268 2830 legendurn,‘
1250 2776 1267 2815 0
1289 2751 1324 2814 di

211 2835 353 2920 βασιλεύς
379 2796 586 2908 Ἰουστλνιαιὸς
610 2832 671 2917 nod
698 2829 753 2898 κδ’.
776 2827 902 2898 ἐτοῖν
880 2860 922 2908 rau
942 2837 1072 2918 τυμβογέ
1073 2861 1151 2919 ρων,
1180 2836 1239 2896 doc
1268 2848 1321 2911 est,

210 2925 409 2985 lastinianus
431 2933 533 2980 autern
557 2925 723 3001 imperator
744 2931 816 2978 ante
837 2923 1018 2998 vigesimum
1040 2935 1189 3001 quartum
1210 2926 1324 2980 aetates

211 3015 329 3068 annum
358 3021 424 3065 erut
457 3011 521 3064 iam
554 3017 589 3064 ut
613 3003 915 3085 ιιιιιιι,ιίιιιιρι“ιιιι.
956 3010 1080 3085 Nugae,
1113 3007 1223 3067 Suidss
1254 3011 1325 3066 citat

211 3092 305 3152 huius
332 3091 487 3150 historiae.
505 3092 597 3150 verba
627 3091 666 3150 ad
694 3113 725 3171 p·
747 3094 801 3154 29.
843 3091 961 3150 Deinde
983 3091 1021 3150 de
1042 3096 1157 3152 Iustino
1178 3095 1324 3174 loquitur,
1340 3097 1362 3150 Ρ
1380 3100 1430 3154 105

211 3198 274 3235 non
304 3175 342 3234 de
369 3180 548 3236 iustinianc.
590 3180 714 3250 Tertio,
746 3177 838 3236 dictio
868 3176 1108 3257 compendiaria,
1144 3186 1237 3257 quam
1268 3182 1326 3236 iste

211 3264 417 3322 numerarium
438 3272 543 3320 notam
563 3264 786 3341 interpretatur,
808 3264 947 3342 Procopii
967 3267 1099 3322 nominis
1122 3263 1221 3344 (cuius
1236 3265 1327 3323 verba

211 3348 355 3424 citantur)
379 3346 592 3424 compendium
613 3358 677 3420 est,
701 3351 742 3403 ita
765 3350 878 3423 Hooni.

298 3437 335 3492 P.
353 3431 406 3507 45,
429 3433 481 3495 10.
526 3433 589 3509 (tot
608 3426 763 3490 ιιιιιιιιιαιιι
785 3431 1002 3492 moderabatur
1024 3433 1164 3512 imperii]
1194 3433 1231 3490 Id
1253 3453 1325 3491 con-

212 3529 273 3579 stat
294 3539 334 3576 ex
356 3521 438 3592 loco,
466 3538 558 3597 quem
580 3519 672 3595 paulo
695 3527 764 3598 ante
786 3514 908 3575 laudavi
929 3520 952 3576 l.
981 3523 995 3580 i
1020 3516 1057 3575 de
1079 3519 1152 3576 bell.
1175 3518 1271 3577 Vand.
1294 3527 1324 3575 et

212 3625 256 3664 ax
278 3606 337 3664 alio
366 3604 389 3663 l.
413 3609 429 3666 1
459 3601 498 3660 de
519 3602 612 3661 aedif.
634 3604 688 3661 ubi
710 3598 959 3662 restaurationem
986 3605 1094 3682 templi
1113 3601 1325 3662 Blacherniaui

212 3711 232 3748 a
254 3693 369 3748 lustina
389 3689 502 3746 factam
522 3691 688 3747 lustiniano
708 3690 813 3767 nepoti
834 3690 971 3748 tribuens
990 3691 1171 3793 Procopius,
1199 3691 1242 3745 sic
1260 3706 1325 3744 rem

213 3786 358 3847 excusat,
388 3773 502 3854 qucd'
493 3795 525 3831 m
548 3771 702 3853 impressis
724 3791 785 3830 ιιοιι
807 3772 946 3832 liabetur.
990 3768 1074 3835 ου’τιιῑ
1081 3770 1152 3875 yoip
1174 3770 1327 3850 λογιστέον

211 3860 266 3922 nal
288 3858 326 3922 roi
345 3855 496 3964 ’Ῑοοιιτίνῳ
519 3856 748 3963 εἰργασμένα
718 3862 761 3919 τῶ
778 3861 865 3942 θείῳ,
888 3857 952 3922 irtel
974 3858 1026 3920 καὶ
1048 3851 1143 3920 αὐτοῦ
1162 3852 1219 3936 criu
1235 3857 1326 3934 βασί-

212 3948 299 4006 λιτάν
325 3968 381 4007 κατ
385 3923 556 4019 ’ἐξουσίαν
581 3936 671 4015 oriris
699 3944 847 4026 διῳκεῖτο
891 3945 974 4002 Nom
995 3944 1186 4008 Iustiniana,
1214 3944 1325 4020 inquit,

211 4027 419 4088 adscribenda
437 4039 508 4086 sunt
529 4027 645 4086 Iustini
666 4004 816 4084 avunculi
834 4038 933 4103 gesta,
957 4049 1026 4084 curn
1046 4026 1175 4084 lr'uius'
1162 4030 1328 4103 imperinm

212 4115 268 4172 ille
294 4136 418 4173 sumina
439 4116 609 4177 autoritate
632 4109 875 4172 administraret.
918 4115 958 4170 Et
979 4113 1109 4190 (tyrillus
1131 4111 1328 4190 Scythopoli-

213 4209 304 4257 tanus
333 4203 376 4257 ait
399 4203 599 4259 lastinianum
628 4206 794 4304 antequam
822 4197 931 4254 Caesar
949 4197 1203 4272 ·renmrsiaratur,
1232 4201 1327 4256 luisse

212 4281 425 4361 πατρίκιον,’
403 4300 531 4359 οιιατον,
553 4304 724 4364 σιρατιιγον,
745 4279 878 4342 καὶτῶν
899 4284 953 4360 τῆς
971 4281 1123 4354 πολιτείας
1140 4282 1329 4365 πραγμάτων

212 4372 366 4449 spatariis
385 4363 600 4449 οἷντιχόμειον,
626 4369 816 4446 patricium,
845 4367 1015 4443 corisulem,
1036 4365 1146 4426 ducem
1168 4374 1327 4442 exercitus,

214 4465 244 4513 et
266 4475 337 4511 cum
354 4465 505 4531 potestate
525 4454 742 4536 rempublicam
762 4455 884 4514 resima.

259 4547 401 4614 Procopius
424 4547 478 4599 ill.
1079 4537 1119 4600 24
