3125 4959
526 457 727 524 ALEllANNl
750 459 1009 530 presentant).
1255 490 1317 535 xrx

217 625 254 694 τύ
283 625 423 711 μοχθηρὰ
448 623 660 709 ολκεκρύψατο,
698 624 774 695 oillei
801 630 839 697 eoi
865 638 942 699 ποῖοι
968 634 1183 718 ξυνενεχθὲντα
1212 638 1321 706 ἕκαστα

218 726 509 815 ἀκριβολογούμενος
537 729 747 826 ξυνεμρύψατο
777 735 835 799 εἴτε
869 729 924 812 εύ,
958 740 1017 802 εἴτε
1044 737 1117 827 ύλλη
1147 765 1191 828 κη
1216 736 1320 819 αύτοῑς

218 834 377 915 εἴργασται.
419 836 511 895 Rutur
535 837 623 897 decue
647 837 774 896 Oratores
797 838 901 917 ρνίιλεκι
917 843 1107 921 eloquentium,
1137 842 1234 904 Poetae
1251 865 1317 911 oceo

211 935 341 1015 subuleo,
361 944 387 996 et
412 937 564 998 Histoeicos
584 942 731 999 ueritatem.
781 939 954 1006 Quamobrem
969 964 1002 1004 ne
1025 950 1240 1007 animamarum
1254 953 1318 1029 pui-

215 1040 272 1098 tem
298 1046 409 1111 peceato
437 1040 597 1115 mortuaest,
628 1041 674 1100 recl
691 1061 759 1119 puae
784 1046 880 1120 cuique
907 1047 1087 1117 ueo'rlimeat,
1109 1052 1164 1108 siae
1191 1051 1243 1111 itte
1266 1070 1317 1130 pro

215 1141 367 1218 dignitate,
396 1146 451 1201 siue
467 1163 541 1203 secur
564 1143 598 1203 ub
615 1146 650 1201 tir
663 1148 775 1219 potroto
798 1140 923 1220 suerint,
959 1168 1061 1209 eum
1081 1150 1226 1227 diligentia
1252 1172 1317 1211 τοκ-

213 1247 331 1321 ecriprit.
373 1240 441 1305 Eam
456 1239 591 1304 licentiam
606 1240 651 1302 vel
667 1240 795 1325 Procopii
817 1243 953 1307 autoritati
975 1246 1002 1309 in
1016 1249 1120 1313 Senatu
1134 1238 1312 1325 clirisrimae,

213 1343 259 1405 vel
276 1341 391 1425 ingenio
412 1341 472 1405 eius
493 1342 575 1425 plane
599 1340 735 1405 Censorio
756 1363 915 1409 concessam
936 1344 1021 1408 luisse
1040 1370 1101 1410 cnm
1122 1370 1159 1413 ex
1182 1351 1263 1414 editis
1277 1350 1313 1417 ob

212 1466 250 1508 oo
271 1444 365 1516 libris,
392 1442 556 1529 publicoque
578 1456 640 1507 tuno
662 1444 784 1529 receptis
804 1444 936 1530 applausu
955 1445 1053 1532 liquem
1077 1460 1132 1511 tam
1152 1451 1219 1535 qnia
1236 1451 1313 1515 tusti-

210 1546 286 1610 miani
311 1566 402 1610 rerum
424 1544 583 1629 Scriptores
602 1545 741 1634 Agathias
765 1544 975 1634 ltlprrhinaous,
1001 1559 1031 1610 et
1053 1548 1170 1624 loannes
1188 1552 1313 1637 Epipha-

210 1647 314 1711 niomis
345 1669 410 1711 auos
435 1646 654 1712 Commentarios
679 1649 715 1711 ad
747 1648 904 1713 blauritium
930 1671 1015 1735 usque
1041 1650 1257 1737 imperatorem,
1285 1664 1314 1715 ut

209 1751 348 1840 Euagrius
364 1762 405 1813 est
425 1762 516 1823 autor.
543 1750 727 1813 occuluerunt.
771 1750 942 1835 Quamquam
957 1751 996 1814 illi
1017 1752 1124 1837 siquid
1147 1750 1173 1815 in
1188 1753 1312 1817 lastinia-

208 1874 272 1916 mum
286 1852 467 1937 scripserunt,
494 1848 523 1913 it
536 1871 617 1933 quam
631 1849 854 1923 modestissime,
877 1850 1087 1936 cautissimeque
1110 1852 1252 1926 lecerunt,
1275 1876 1311 1916 ae

207 1952 236 2017 in
251 1953 372 2038 reliquos
387 1949 496 2037 lmperii
516 1950 631 2015 Romani
655 1970 803 2035 proceros,
826 1972 907 2036 quam
927 1973 979 2036 pro
1003 1951 1111 2015 illorum
1132 1951 1311 2037 improbitate

207 2078 313 2119 morum
343 2052 431 2118 levius
459 2063 585 2141 egerunt.
629 2053 665 2117 Λλ
693 2050 846 2137 Procopius
871 2052 1013 2117 liberrime
1037 2052 1148 2117 loannis
1171 2054 1309 2120 Praefecti

207 2156 352 2221 Praetorio
373 2155 541 2241 impietatem
560 2153 707 2239 obiurgat:
731 2153 895 2218 Triboniani
919 2154 1082 2233 Quaestoris
1102 2155 1245 2222 ar'aritiam
1264 2179 1308 2219 ae·

207 2260 282 2343 golt:
307 2258 433 2323 Arethao
446 2258 523 2321 <lucis
539 2256 681 2341 ingenium
694 2254 838 2320 subdolum
851 2268 880 2320 et
901 2254 1011 2320 infidum
1025 2256 1176 2343 vituperat:
1196 2259 1309 2322 militum

205 2361 352 2445 lep-iones,
378 2359 497 2443 oppida,
528 2370 556 2423 et
570 2360 652 2423 urbes
667 2370 806 2436 numerat,
837 2378 910 2443 qnae
923 2357 970 2421 vel
984 2357 1095 2421 omniuo
1109 2359 1240 2435 abolitae,
1262 2359 1308 2423 rel

205 2460 330 2525 hostibus
344 2460 469 2545 praedae
493 2458 615 2535 luerunt,
641 2458 678 2522 ob
700 2458 890 2524 foedissimam
907 2461 1031 2537 Persae,
1051 2460 1166 2538 Aeacii,
1195 2461 1305 2525 loannis
1322 2464 1345 2520 Α
1364 2468 1398 2523 1⁰

205 2561 287 2637 zibt,
313 2572 342 2625 et
367 2558 479 2623 alterius
507 2559 670 2638 Quaestori·
692 2562 846 2637 exercitus,
880 2577 962 2652 atque
983 2562 1140 2629 Forllculae
1171 2563 1307 2648 purumiao

205 2663 396 2750 cupiditatem
423 2662 492 2728 Veri
505 2658 690 2726 temulentiam
706 2673 832 2735 accusem
860 2663 959 2748 Sergii
980 2661 1078 2729 lustum
1098 2687 1133 2727 ae
1145 2664 1304 2741 mollitiem
1323 2671 1348 2725 V
1362 2672 1415 2731 itu

205 2766 350 2831 Maximini
371 2764 526 2853 ignaviam.
555 2763 710 2849 nullamque
737 2762 781 2826 rei
805 2760 929 2827 militaris
957 2762 1092 2847 peritiam.
1135 2765 1306 2830 Artabanum

205 2867 414 2943 coniurationis,
443 2870 577 2933 Arsacem
591 2870 754 2957 proditionis
768 2868 898 2945 crimine,
920 2866 973 2930 etsi
990 2864 1150 2929 lastinianus
1164 2866 1203 2929 olo
1217 2887 1305 2950 gene·

204 2971 244 3035 ris
258 2968 411 3033 claritatem
431 2968 597 3047 absolvente
624 2971 774 3058 Procopius
799 2984 890 3037 tamen
917 2968 1006 3033 nentri
1033 2967 1179 3031 etiamnum
1207 2990 1302 3052 eupor-

203 3071 259 3136 stiti
285 3085 418 3137 aeternae
440 3094 559 3156 poenam
582 3072 711 3138 infamiae
732 3072 907 3139 condonarit.
950 3070 1025 3151 Quid
1049 3070 1085 3133 de
1103 3067 1240 3133 llelisario
1262 3068 1303 3131 cli·

204 3198 281 3249 cam,
304 3176 339 3236 ab
364 3174 438 3236 cuius
453 3172 529 3237 unius
553 3172 647 3238 landes
668 3190 725 3240 tota
745 3174 906 3261 respexisse
924 3173 1041 3237 historia
1059 3170 1190 3236 uitetur?
1217 3171 1303 3233 semel

203 3278 233 3342 in
247 3277 326 3341 ltalia
347 3272 484 3359 ignauitor
498 3274 545 3339 illo
560 3298 619 3340 rem
636 3278 740 3361 gessit,
763 3277 836 3342 haee
856 3298 910 3340 una
932 3275 1070 3361 Procopio
1094 3274 1184 3339 libere
1198 3274 1234 3337 ‹lo
1255 3273 1303 3336 illo

202 3378 344 3445 scribendi
358 3377 450 3465 ampla
465 3376 513 3441 luit
528 3378 647 3442 occasio.
668 3375 861 3461 Βελιοούρκος
882 3377 938 3460 plo
951 3377 1010 3461 τὴν
1024 3379 1073 3443 eat
1087 3376 1120 3442 τὸ
1140 3374 1306 3453 Βυζάντιον

203 3481 308 3549 obbaob
324 3482 428 3568 κόσμῳ
442 3480 501 3569 ᾔει,
520 3487 576 3565 γῆς
592 3482 646 3563 μὲν
664 3488 720 3566 τῆς
738 3476 1029 3555 tantorumdem
1051 3476 1173 3560 ούὸαμῆ
1185 3477 1303 3559 ἐπιβᾰς,

202 3583 277 3651 obet
296 3609 339 3671 ειη
363 3584 428 3671 ύιλρῖ
450 3585 528 3650 ι’ἕναι
557 3586 694 3650 ἐνταῦθα
724 3580 849 3667 ἰσχύσας
858 3630 867 3661 ,
897 3577 970 3645 titt
1001 3586 1087 3669 φυγῇ
1113 3580 1302 3666 κεκρυμμὲνη

202 3685 344 3769 ἐχόμενος
360 3682 461 3749 otor«
475 3691 583 3751 τούτου
596 3686 649 3753 νύν
659 3683 771 3770 χρόνον
786 3687 819 3751 ἔκ
835 3709 866 3752 τε
879 3680 1066 3768 ὀχυρώματος
1084 3682 1303 3748 ύκιθαλαοσλου

201 3786 284 3865 erube
299 3788 329 3865 ἔς
351 3784 424 3851 tneo
437 3788 487 3852 tut
507 3794 563 3869 τῆς
577 3794 725 3872 παραλίας
747 3785 890 3872 ύχύρωμα
908 3786 1041 3871 διηνεκὲς
1058 3782 1296 3867 ναντιλλύμενος,
1318 3796 1341 3851 Ρ
1360 3795 1424 3852 xttt

200 3886 321 3957 καλοῖτ’
342 3884 437 3953 αύτού
456 3885 631 3975 α’ὅεὲοτερον
651 3891 723 3968 τούς
741 3897 896 3975 πολεμίοις
916 3888 1054 3973 τετύχηκε
1076 3887 1183 3972 ῥύμην
1198 3910 1228 3951 τε
1250 3883 1304 3951 αύ-

200 3992 259 4079 τήν
284 3988 519 4077 ύνιλραπούὶσαι,
555 3996 606 4059 καλ
633 3992 670 4058 roi
704 3994 779 4060 ύλλα
805 3994 847 4073 ὦς
876 3997 973 4061 εἰπεῖν
1000 3990 1127 4058 ἅπαντα.
1173 3986 1244 4055 Τότε
1269 3989 1303 4054 bi

199 4099 253 4162 καὶ
270 4100 423 4181 Περυσίαν
435 4092 533 4173 πόλιν,
554 4093 577 4178 ἢ
596 4093 699 4179 πρύτη
716 4098 750 4165 ἒν
767 4096 916 4175 Τούσκοις
933 4091 1010 4162 ούοα
1025 4092 1175 4178 ἐτύγχανε,
1198 4090 1303 4177 πικρύ·

201 4225 275 4265 τατα
298 4198 558 4286 πολιορκουμένην
580 4198 752 4279 κατέλιπεν,
783 4198 864 4285 ἥπερ
896 4196 990 4264 αύτού
1012 4196 1072 4284 ‹ibpi
1093 4193 1193 4271 ἰύντος
1214 4194 1304 4260 κατά·

200 4327 275 4385 κρας
290 4300 381 4367 ἕύλοι.
423 4303 575 4363 Belisooius
599 4305 673 4364 nullo
687 4305 779 4365 decoro
801 4305 968 4385 Byzantium
986 4303 1124 4378 bscessit,
1148 4321 1207 4359 enon
1223 4305 1303 4380 quiu-

200 4427 250 4486 ραι
263 4395 330 4468 totos
343 4414 426 4471 αιιοοε
440 4428 574 4489 nunquam
588 4411 617 4469 tn
627 4408 714 4470 Itolo'o
723 4409 816 4490 pedem
825 4410 914 4489 figere
925 4409 1053 4489 pensat,
1068 4403 1151 4483 κέηαε
1166 4407 1242 4463 certis
1256 4405 1304 4461 iti·
