3125 4959
224 414 300 484 356
575 413 621 480 ln
647 413 755 477 nrsr.
780 412 973 483 anctum
1011 400 1013 404 ’

193 645 196 649 ,
222 587 370 640 loannem
385 579 519 638 (littam
540 580 685 653 nominat,
708 598 799 660 quem
818 580 895 636 inlra
910 582 1073 660 Procopius
1095 590 1125 638 et
1146 577 1326 638 'l'lieodorns

222 671 332 724 Lector
351 665 494 743 Cynum,
512 667 639 743 quisque
659 686 714 744 pro
735 685 809 724 suae
828 668 949 744 linguae
971 669 1162 745 proprietate.
1205 667 1256 724 Sic
1275 670 1325 721 ln-

220 752 373 809 sti'niantts
401 769 419 807 a
446 753 507 807 suis
532 750 694 826 gentilibus
723 755 894 825 Urntttnn,
929 749 986 810 hoc
1015 763 1075 826 est,
1104 763 1183 808 recta
1213 753 1326 808 iustitia

224 835 322 892 dictus
344 845 405 892 est:
430 835 556 893 Venetos
577 837 684 892 Graeci
700 834 858 908 Κυονὲονς
878 849 1037 894 rocarnnt:
1061 838 1253 913 Biglmizum
1274 839 1326 894 ln-

223 922 343 978 stiniani
364 939 509 994 sororem,
536 920 744 998 Vigilantiam
757 924 858 978 Latini
881 925 961 980 vocis
982 921 1212 980 similitudimnn
1234 923 1325 979 secuti

223 1003 375 1062 dixerunt.
418 1002 468 1061 Ad
485 1024 575 1062 nsum
597 1025 668 1083 ergo
690 1007 773 1063 illins
796 1010 900 1064 aetatis
919 1027 973 1065 nos
988 1010 1158 1066 Heluorum
1172 1009 1325 1075 vertimus,

221 1101 251 1147 et
273 1090 351 1146 infru
382 1089 629 1166 cricurlritirrum,
651 1091 852 1168 forficulam,
887 1096 963 1149 etsi
986 1113 1061 1171 (loos
1088 1095 1173 1150 alios.
1218 1088 1347 1172 φορὰς,-

221 1174 344 1232 barbara
366 1176 448 1232 vocis
469 1175 568 1232 forma
590 1177 682 1252 vulgo
707 1177 799 1232 etiam
821 1187 890 1233 aute
905 1180 1062 1233 Iustiniani
1083 1188 1218 1255 tempora
1238 1197 1327 1234 usur-

218 1269 307 1338 pata3
338 1260 468 1318 Basilius
488 1257 529 1316 ud
552 1258 821 1337 Amphilochium,
854 1258 906 1324 τόν
928 1258 962 1321 di
983 1259 1085 1342 φογᾶν
1106 1265 1328 1342 παροξυτονοῦ

219 1368 291 1424 μεν,
315 1364 371 1400 noc
392 1356 487 1402 acuta
506 1365 578 1401 voce
592 1348 842 1422 pronunciamus
864 1339 975 1422 φηγόν

303 1428 340 1485 P.
350 1431 401 1501 30,
417 1433 468 1490 10.
496 1431 584 1486 Haec
597 1430 675 1488 ab'
650 1452 691 1487 trs
706 1429 743 1488 de
756 1452 788 1486 se
802 1429 875 1508 dici]
899 1433 975 1486 Nam
991 1449 1060 1486 cum
1074 1427 1236 1487 Theodora
1251 1429 1328 1486 libe.a

192 1534 195 1538 ·
220 1532 269 1571 ros
290 1513 411 1591 imperii
433 1530 620 1570 successores
640 1533 703 1572 non
725 1514 867 1588 haberet,
891 1534 995 1572 omnes
1018 1516 1074 1572 sibi
1098 1513 1329 1592 persuadebunt,

219 1597 369 1655 ferriinam
390 1598 630 1669 solertissimam,
652 1608 682 1654 et
700 1597 871 1675 imperandi
885 1599 1025 1676 cupidam
1046 1603 1087 1656 ita
1103 1620 1167 1656 rem
1184 1609 1329 1672 acturum,

131 1687 206 1740 ΜΟ
223 1694 257 1740 ut
285 1685 454 1740 Iustiniauo
482 1679 642 1754 defuncto,
671 1701 710 1737 ne
739 1703 860 1759 prorsus
887 1681 1090 1739 dominatione
1112 1683 1329 1756 deturbaretur,

219 1777 360 1845 paratum
384 1764 509 1823 haberet
530 1758 686 1823 hominem
707 1767 900 1839 benevolum,
924 1769 973 1823 cui
994 1770 1155 1844 imperinm
1176 1779 1330 1842 assereret,

128 1857 204 1913 1³95
221 1853 271 1910 vet
292 1853 385 1908 etiam
406 1851 598 1910 matrimonio
615 1854 796 1908 sociaretur·
819 1849 901 1930 quod
916 1849 1030 1929 Sophia
1053 1853 1159 1908 lustini
1174 1812 1330 1910 Iustiniani

220 1938 341 2014 nepotis
365 1955 461 2009 uxor,
485 1956 520 1993 ac
541 1934 722 1993 Tlreodorae
747 1940 847 2012 neptis
869 1954 987 1992 summa
1013 1935 1169 2014 diligentia
1195 1939 1330 2010 curarit,

221 2039 408 2100 quamquam
435 2025 483 2078 res
507 2021 554 2076 illi
581 2019 705 2080 demum
732 2022 852 2080 sinistre
874 2017 982 2078 cecidit
1013 2041 1082 2078 curn
1104 2023 1228 2082 Tiberio
1250 2024 1331 2080 Con-

219 2107 351 2166 stantino
374 2107 566 2184 imperatore.

305 2190 401 2263 1³.30‚
413 2193 462 2251 12.
483 2195 591 2248 Buzen
602 2199 719 2266 repente
728 2187 868 2268 accersit]
890 2191 947 2247 Hic
962 2187 1133 2249 inTlrracia
1149 2201 1247 2266 natus,
1263 2191 1330 2249 bel-

221 2277 329 2377 loque
336 2276 436 2332 clarus
456 2294 476 2332 e
496 2277 662 2332 Iustiniano
687 2277 720 2332 in
737 2277 884 2332 Armenos
911 2279 1055 2352 mittitur,
1084 2276 1192 2335 deinde
1214 2279 1329 2356 collega

221 2360 343 2436 imperii
364 2378 419 2436 per
440 2361 586 2417 orientem
608 2359 696 2418 datur
717 2361 881 2432 Belisuri03
905 2359 1029 2419 demum
1049 2373 1144 2420 totam
1165 2383 1244 2421 unus
1248 2365 1330 2441 ipso

222 2443 657 2519 administrationemhabuit,
680 2444 817 2526 quandiu
841 2447 1035 2506 Belisarius
1026 2469 1058 2505 1n
1078 2450 1165 2506 ltalia
1187 2447 1330 2508 adversus

222 2527 352 2588 Gottlros
372 2533 537 2606 pugnavit:
560 2534 675 2612 reliqna
698 2529 736 2588 de
759 2530 867 2590 eodem
889 2529 939 2589 hic
957 2533 1045 2610 legis.
1120 2571 1123 2578 ·

307 2616 343 2671 Ρ
358 2616 418 2687 31,
442 2617 494 2678 10
537 2617 705 2696 Imperator
727 2618 939 2694 exaratorum]
970 2621 1067 2676 Autor
1090 2614 1264 2717 appendicis
1292 2613 1329 2673 ad

223 2695 386 2758 chronicon
399 2701 586 2776 Marcellini,
608 2703 783 2761 Belisarius
798 2701 833 2760 tle
849 2705 959 2759 oriente
972 2714 1113 2760 evocatus
1129 2707 1163 2760 in
1184 2700 1331 2781 offensam

219 2788 327 2864 peiicu
330 2786 453 2864 irimque
475 2789 633 2846 incurrens
657 2809 770 2865 graie,
793 2800 830 2845 et
852 2785 990 2845 invidiae
1016 2773 1192 2858 crilliacens,
1223 2805 1333 2843 rurs-tic

223 2873 388 2928 remittitur
408 2867 456 2928 ad
477 2870 616 2932 Italiam.
658 2877 724 2930 Hoc
751 2875 819 2931 loco
840 2893 944 2930 veram
966 2884 995 2929 et
1017 2876 1166 2947 integram
1189 2866 1226 2926 de
1248 2853 1333 2925 Beli-

222 2959 294 3013 sarii
317 2953 566 3016 exantltoratione
582 2970 672 3038 atque
690 2961 877 3016 restitutione
893 2956 1029 3013 videmus
1045 2954 1221 3012 historiam·
1254 2957 1333 3012 Nam

223 3040 341 3099 effossis
370 3043 466 3099 oculis
496 3045 530 3099 in
562 3047 651 3100 trivio
673 3041 860 3098 mendicasse
881 3041 986 3096 obolos
1008 3040 1188 3096 Belisarium
1210 3047 1332 3096 tractant

225 3125 287 3196 alii,
309 3125 419 3202 quibus
440 3129 548 3184 Petrus
569 3129 700 3184 Crinitus
722 3126 743 3180 l.
763 3126 802 3188 15
825 3123 862 3181 de
886 3122 1011 3182 honesta
1030 3122 1198 3204 disciplina,
1220 3132 1250 3181 et
1268 3126 1332 3183 Ra·

224 3205 318 3284 plra'el
340 3211 552 3268 Volaterranns
573 3213 596 3268 l.
611 3211 653 3273 23
676 3207 855 3286 Anthropol.
878 3208 969 3265 tidem
992 3207 1113 3269 liabent.
1155 3207 1192 3266 ld
1213 3211 1331 3266 etiarnsi

224 3296 353 3350 loannes
375 3296 502 3353 Tzetzes
525 3295 662 3353 chiliade
680 3295 701 3354 3
723 3297 984 3365 commemorarit,
1012 3304 1114 3354 tamen
1134 3293 1214 3354 illud
1234 3297 1332 3374 tnagis

225 3389 461 3437 consentaneum
484 3378 555 3437 linio
575 3381 714 3458 Procopii
731 3381 896 3436 narrationi
917 3377 1062 3438 subdidit.

333 3460 418 3525 iiiior
440 3465 517 3541 φασὶ
536 3471 598 3527 τῶν
619 3467 769 3546 χρονικῶν
792 3489 833 3542 μη
856 3469 1059 3542 τυφλωθῆναι
1080 3466 1197 3538 τοῦτον,

331 3547 363 3622 ἐξ
385 3548 530 3628 ἐπιτίμων
551 3545 583 3612 d’
591 3549 713 3654 ἄτιμον
734 3543 864 3628 ἐσχάτως
885 3548 1050 3627 γεγονέναι,

330 3630 384 3693 καὶ
404 3629 497 3694 πάλιν
519 3635 563 3707 εἰς
579 3629 748 3712 ἀνάκλησιν
769 3632 859 3712 δόξης
879 3633 982 3694 ἐλθεῖν
1003 3628 1159 3713 προτέρας.

224 3714 295 3777 Alii
323 3718 504 3795 chronologi
530 3718 678 3793 tradunt,
709 3740 770 3776 non
794 3729 985 3776 excaecatum
1015 3719 1117 3776 illum-
1126 3716 1248 3794 fuisse,
1278 3713 1335 3774 cett

226 3803 396 3878 dignitate,
422 3815 451 3858 et
481 3805 622 3862 omnibus
643 3825 721 3881 pene
746 3803 915 3862 honoribus·
944 3803 1124 3879 spoliatum,
1157 3805 1267 3859 iterum
1289 3799 1336 3859 cul

221 3892 393 3965 pristinam
415 3889 553 3965 gloriam
580 3902 753 3949 revocatum
773 3892 889 3965 fnisse.
941 3890 987 3944 De
1016 3892 1128 3948 Ioanne
1155 3885 1336 3966 Cappadoca-

227 3975 291 4030 riro
313 3975 438 4051 patricio
461 3978 639 4051 exconsule,
663 3988 693 4034 et
715 3977 856 4055 praetorii
877 3975 1043 4052 praelecto,
1072 3994 1133 4033 uon
1156 3971 1193 4030 de
1215 3973 1334 4030 Belisa-

228 4059 300 4129 rio,
304 4067 403 4114 narrat
424 4061 631 4137 Procopiusl.
652 4065 669 4123 1
693 4063 763 4118 bell
782 4063 866 4118 Perus
890 4069 1036 4165 extremo,
1059 4081 1130 4118 cum
1151 4060 1182 4115 in
1205 4055 1334 4115 exilium

229 4139 310 4216 opud
325 4144 498 4221 Aegyptum
519 4149 593 4220 iret,
616 4165 633 4204 a
655 4147 836 4205 satellitibus
857 4156 992 4203 coactum
1015 4143 1034 4207 ii
1035 4168 1106 4226 ρτον
1128 4138 1150 4222 ἢ
1172 4137 1334 4220 ‹illul-inlr

228 4229 289 4284 triv
310 4222 557 4301 aoooutmivruv
577 4190 738 4306 itteram,
754 4250 870 4311 panem
889 4231 938 4288 ret
957 4170 1082 4290 obolcim
1102 4227 1142 4288 ab
1162 4227 1260 4287 obviis
1276 4248 1334 4306 pe-

228 4310 296 4366 tri-,e
339 4308 400 4367 sed
430 4312 468 4371 de
495 4318 640 4377 Belisario
668 4315 836 4398 tyrannidis
865 4317 1054 4394 insimulato,
1085 4318 1209 4396 eiusque
1238 4315 1332 4387 obitu,

227 4394 322 4471 intra,
348 4394 386 4454 od
407 4417 476 4477 pag.
499 4404 551 4464 80
