3125 4959
237 414 312 487 374
589 413 636 481 IN
655 411 767 481 msn.
788 411 986 481 ARCANAM

403 571 595 659 ιιαταισχάνει
614 574 771 660 μίροντας,
793 573 927 658 ίιιμαίνει
946 570 1053 651 νίονς,Ι

403 665 515 746 ἔχθρας
535 657 664 727 άνάπτει
682 659 849 739 φιλτάτων,
869 666 958 725 πατεῖ
971 655 1096 742 νόμους,

404 749 458 813 οιαὶ
479 743 559 831 πρός
577 769 611 831 γε
631 742 749 822 τούτοις
768 739 930 850 χρημάτων
950 742 1052 826 σαφής
1072 739 1181 828 βλάβη.
1296 801 1305 824 ,

405 829 524 907 πόσους
546 829 602 914 μίν
617 832 719 904 οίιιους
740 825 879 913 άθροονς
899 829 1079 909 κατέσπασας
1265 863 1267 870 >

405 915 526 993 πόσους
547 923 720 999 προσαιτεῖν
740 915 906 988 πλουσίως
926 909 1095 998 η’νάμιιασες

408 998 508 1076 πόσας
528 1000 561 1065 δί
580 999 613 1066 τό
631 1001 707 1083 πρὶν
728 995 955 1078 εόνομουμίνας
974 993 1079 1076 πόλεις

410 1085 510 1167 άρδην
528 1092 688 1163 ιιαθεῑλενς
710 1082 752 1160 οι“ς
771 1082 830 1168 γάρ
851 1083 960 1186 ἡβῶσα
982 1076 1085 1160 στάσις

403 1167 520 1251 ’φόνοις
534 1175 694 1234 δοναστιάν
715 1170 820 1253 ίχρανε
839 1171 941 1250 δημου
959 1165 1074 1250 χίρας,Ι

406 1252 543 1338 χήρωσεν
564 1258 688 1336 ανδρων
704 1279 761 1330 τας
781 1259 885 1329 πολεις
905 1250 991 1338 νόμῳ
1013 1253 1137 1331 ξίφους,

410 1345 473 1422 πάρ
495 1340 547 1404 καί
568 1342 691 1418 σίδηρος
711 1336 765 1413 τάς
783 1335 886 1413 πόλεις
905 1337 1054 1420 ἐνείματο,
1102 1385 1104 1389 -

410 1432 544 1509 σφαγαῖς
564 1420 701 1501 κολάζειν
720 1419 774 1497 τάς
796 1419 931 1506 σφαγάς,
952 1417 1063 1500 φόνοις
1083 1414 1211 1500 φόνους.

327 1509 364 1566 P·
376 1507 429 1587 52,
444 1510 476 1574 4.
520 1511 626 1591 Neque
646 1512 798 1568 immunea
811 1507 872 1567 leae
888 1507 1034 1566 violentia
1054 1516 1170 1585 nuptae
1180 1497 1352 1580 foeminae]

243 1591 284 1648 Et
305 1596 408 1654 statim
428 1594 571 1676 exemplo
589 1593 622 1654 id
643 1593 799 1654 confirmat
813 1593 990 1672 Procopius.
1032 1594 1072 1651 At
1092 1591 1148 1649 illa
1167 1589 1279 1646 mulier
1295 1586 1355 1645 fuit

245 1677 390 1736 violentia
411 1682 625 1763 sceieratcrnm
647 1679 811 1752 immunia,
831 1677 918 1758 'qnae
939 1686 1035 1737 morte
1057 1685 1195 1754 etapium
1216 1681 1356 1730 antever-

247 1761 297 1816 eit.
340 1761 404 1819 Sed
423 1767 513 1841 plane
534 1784 596 1823 non
617 1761 742 1822 deerant
760 1761 904 1824 historico
925 1762 1085 1842 exempla,
1112 1777 1191 1840 qnae
1212 1754 1356 1814 adamna-

248 1846 309 1901 εἰπε
330 1851 495 1906 narrationi
516 1849 721 1908 convenirent.
761 1850 869 1907 Petrus
890 1849 1071 1928 Apamenaie
1095 1843 1190 1904 horno
1217 1842 1357 1900 factionis

247 1930 399 2006 Venetae,
421 1934 528 1991 militia
546 1931 702 1992 cnina'dam
724 1942 923 2010 cognomento
944 1930 1082 2012 Pcephae
1101 1931 1263 2008 coniugem
1276 1945 1359 1984 oon·

247 2019 414 2093 stupravit,
445 2013 468 2098 ἣ
497 2014 541 2098 μή
562 2021 734 2098 δυνηθεῖσα
759 2013 817 2098 τήν
842 2013 958 2081 άτοπον
980 2015 1150 2098 ἐπιθυμίαν
1169 2017 1227 2078 τοῦ
1248 2006 1360 2091 άνδρδς

247 2107 359 2181 φυγεῖν
389 2103 433 2175 είς
461 2100 584 2184 σφαγήν
604 2097 782 2184 άπεχεόρησε
802 2103 999 2188 τραγῳδοῦσα
1020 2097 1076 2175 τάς
1095 2124 1128 2165 τε
1149 2099 1278 2172 οίιιιίας,
1305 2093 1360 2157 nai

247 2189 306 2267 roei
331 2183 536 2267 γεγαμηκότος
559 2188 783 2262 ἐπονειδίστους
810 2182 978 2270 ξυμφοράς.
1022 2188 1110 2265 Quae
1130 2207 1199 2244 cum
1218 2181 1361 2240 scelerati

247 2267 385 2326 hominia
405 2269 562 2347 perditam
579 2274 678 2329 vitare
697 2268 899 2348 cupiditatem
918 2274 1121 2348 nequivisset,
1142 2289 1219 2326 auae
1239 2277 1267 2324 et
1288 2284 1361 2320 ma-

248 2353 305 2409 riti
320 2355 472 2429 infamiae
485 2355 642 2433 tragicum
652 2353 747 2433 piane
767 2351 934 2411 remedium
954 2351 1103 2412 adhibene
1123 2355 1158 2410 in
1179 2368 1271 2408 auam
1292 2368 1362 2406 cae-

250 2432 320 2492 dem
344 2440 502 2516 prorupit.
547 2439 689 2520 Episcopi
715 2435 865 2498 secundae
892 2438 997 2520 Syriae
1028 2440 1061 2498 in
1092 2438 1181 2516 epist.
1209 2432 1249 2494 ad
1270 2435 1362 2493 Gono.

250 2520 309 2578 sub
334 2523 513 2583 Iustiniano.

336 2608 371 2664 P·
393 2609 445 2682 53,
467 2609 499 2671 5.
542 2606 646 2688 licque
665 2628 800 2689 magnae
825 2609 1009 2713 elarpiretur
1030 2628 1115 2686 oper,
1144 2603 1213 2685 etc]
1248 2605 1360 2682 Evagr.

249 2689 274 2750 l·
294 2687 316 2752 4
340 2711 367 2750 o.
386 2692 440 2755 31.
471 2689 547 2756 dore
563 2693 627 2757 ιιαί
652 2694 832 2775 μιαιφονίας
855 2690 969 2768 αντοιίς
997 2691 1032 2756 ἒν
1058 2691 1134 2777 pion
1157 2689 1265 2774 η’μίρμ.
1308 2687 1361 2752 nai

248 2773 283 2838 iv
309 2775 385 2863 μέσῃ
414 2783 454 2863 τῇ
480 2773 567 2841 πόλει
594 2773 776 2861 ἐργάζεσθαι
800 2781 864 2840 τοῖν
890 2772 1090 2853 άπενανιίας,
1119 2775 1172 2839 nai
1199 2773 1242 2855 μή
1263 2767 1362 2852 μόνον

249 2857 363 2935 ποινάς
394 2861 437 2943 μὴ
466 2862 614 2933 δεδιέναι,
641 2857 717 2926 ini
744 2861 797 2925 ιιαί
825 2857 992 2938 άξιοῦσθαι
1015 2867 1121 2944 μερῶν.
1171 2861 1212 2919 Ut
1240 2861 1363 2937 impune

244 2958 370 3025 parcent
397 2951 468 3026 ipea
496 2948 623 3007 meridie
649 2951 684 3006 in
712 2946 816 3006 media
836 2952 961 3007 civitate
981 2945 1177 3006 advertarior
1197 2940 1364 3021 trucidare,

249 3041 279 3088 et
299 3053 361 3090 non
382 3031 472 3092 modo
493 3055 555 3094 ιιοιι
570 3054 690 3114 poenae
709 3045 889 3114 metuerent,
914 3053 1021 3092 oerum
1042 3034 1136 3090 etiam
1158 3027 1364 3108 dignarentur

245 3137 410 3195 praemere.

333 3206 373 3260 P.
396 3203 455 3276 53,
479 3205 532 3265 11.
575 3198 654 3264 Cum
674 3221 770 3280 neque
796 3221 899 3260 eorum
918 3219 1041 3262 aeneum
1063 3201 1197 3280 aliquem
1217 3199 1365 3277 acciperet

250 3306 333 3365 quae
353 3307 385 3342 ae
405 3297 559 3366 epectante
580 3289 614 3346 in
637 3290 718 3345 circo
736 3284 863 3367 fierent]
895 3289 961 3346 Non
984 3287 1084 3347 solnm
1105 3285 1163 3346 hoc
1185 3285 1228 3349 ait
1256 3281 1295 3341 dc
1316 3283 1364 3338 sa·

251 3372 419 3430 otiosorum
442 3371 600 3447 caedibus,
630 3371 686 3431 aed
711 3376 805 3430 etiam
833 3371 871 3430 de
899 3375 1042 3432 conviciis
1064 3381 1094 3430 et
1121 3370 1312 3431 contumeliis
1333 3366 1364 3423 in

249 3459 413 3536 principes,
435 3461 467 3514 in
489 3456 688 3519 Theodoram
707 3461 887 3536 Angustam,
906 3469 942 3516 et
962 3459 995 3516 in
1016 3458 1217 3516 lastinianum
1236 3473 1255 3512 a
1279 3453 1365 3510 vilia-

251 3544 330 3599 eima
357 3542 448 3620 plebe
476 3544 574 3602 iactis.
616 3542 731 3603 chron.
753 3540 923 3602 Alexandr.
950 3545 1072 3604 πολλῶν
1099 3537 1220 3622 άβρειον
1241 3533 1366 3617 percpi·

158 3637 235 3692 nun
253 3648 319 3688 νοιν
347 3622 458 3704 μεταξά
488 3633 549 3690 τῶν
578 3634 681 3708 μεροῖν
702 3627 840 3690 Bariana
861 3647 893 3688 τε
914 3625 966 3689 καί
987 3627 1162 3708 πρασίνου,
1190 3619 1243 3684 παλ
1270 3615 1366 3684 πολλά

250 3704 485 3789 λοιδορήσαντες
511 3708 564 3774 τόν
590 3711 715 3790 βασιλέα
742 3715 900 3790 κατῆλθον
927 3712 961 3775 oi
986 3708 1130 3793 πράσινοι
1151 3702 1294 3780 ἐάσαντες
1315 3703 1366 3768 τόν

251 3795 378 3877 βασιλέα
400 3794 452 3858 καί
479 3792 549 3868 νοός
574 3795 720 3869 Βενέτους
740 3800 947 3873 θεωροῦντας.
989 3795 1066 3856 inde
1086 3793 1195 3854 multia
1215 3794 1295 3849 inter
1313 3813 1366 3872 ge-

252 3884 357 3940 minae
367 3880 529 3959 sartioner
552 3880 736 3938 Venetorum
756 3891 783 3936 et
805 3885 1009 3941 Peucinorum
1030 3881 1126 3939 iactie
1146 3879 1309 3951 conuiciis,
1339 3887 1366 3934 et

251 3962 285 4024 in
305 3970 406 4044 iprum
432 3970 661 4044 imperatorem,
691 3967 823 4045 Pracini
849 3988 883 4023 ex
907 3970 988 4027 circo
1011 3960 1228 4025 descenderunt
1254 3963 1367 4021 relietir

253 4053 434 4128 imperatore
463 4062 492 4110 et
516 4052 640 4111 Venetia
661 4051 697 4107 in
716 4053 899 4128 spectaculo.
942 4052 1078 4109 Haecin
1101 4069 1137 4108 eo
1156 4046 1295 4106 chronico
1319 4047 1367 4106 di-

253 4136 387 4212 minuta,
409 4135 491 4217 apud
508 4132 734 4214 Theophanem
754 4156 824 4195 vero
847 4157 916 4194 cnm
937 4138 1055 4214 integra
1076 4131 1258 4208 habeantur,
1288 4133 1366 4191 inira

253 4217 294 4276 nd
323 4239 391 4298 pog·
413 4225 455 4287 56
476 4233 647 4304 opportuno
667 4223 736 4282 loco
757 4223 812 4281 tibi
835 4221 975 4282 dabimus
998 4241 1069 4280 cum
1090 4230 1191 4280 ιιοιιειι
1218 4220 1365 4298 interpre-

255 4305 379 4364 iatIone.

338 4390 374 4448 Ρ.
389 4388 441 4466 53,
465 4392 515 4454 12.
560 4394 645 4454 Nam
665 4394 742 4453 mire
763 4390 898 4452 etolidaa
911 4389 994 4472 suit]
1016 4393 1056 4452 Aa
1077 4391 1109 4450 in
1131 4390 1220 4451 rebus
1241 4385 1366 4470 agendis
1458 4443 1460 4446 ,
