3125 4959
580 417 725 488 NOTAE
747 417 972 488 stantum.
1252 413 1331 488 459

223 589 282 648 reis
305 585 474 647 constitisse
496 582 632 645 dicamus
652 584 774 644 ιιιιοίιιιι
794 583 902 645 serici:
929 602 1023 666 quara
1046 600 1089 642 ex
1109 583 1281 643 coniectura
1300 593 1333 644 et

222 672 348 733 historin
367 666 494 754 aalysiae·
515 673 716 750 reposuimus.

307 759 342 816 P.
368 757 445 830 112,
471 760 498 819 1.
551 757 649 835 Quem
678 755 856 814 holcverum
882 754 1010 832 occant]
1041 755 1123 832 Ergo
1151 708 1333 814 balnearum

221 845 353 901 tinctura
371 843 458 901 serici
478 853 522 901 et.
528 843 612 901 color
631 851 687 916 est,
708 860 771 901 non
786 841 926 913 sericum,
947 850 982 896 ut
996 837 1036 896 ad
1054 837 1133 898 hauc
1147 837 1229 898 diem
1243 843 1334 900 ιιιιι111

222 931 444 1004 existimarunt,
466 929 669 1007 inanibusque
691 925 857 986 rationibus
878 922 911 983 id
933 936 1067 983 astruere
1089 930 1188 984 conati
1208 938 1301 986 sunt.

304 1016 339 1071 Ρ.
365 1013 440 1087 142,
465 1015 515 1076 13.
562 1009 801 1072 causidicorum
822 1009 959 1069 ordinem
987 1013 1099 1068 statuit
1128 1011 1332 1092 evertendum]

220 1101 256 1156 ln
277 1099 462 1178 pragmatica
483 1101 644 1157 lastiniani
670 1098 826 1156 sanctione
847 1115 865 1152 a
886 1099 976 1155 Petro
997 1093 1107 1154 Pitheo
1133 1095 1215 1155 edita
1243 1118 1269 1156 c.
1294 1101 1335 1161 12

221 1183 364 1257 medicis,
397 1183 576 1259 causidicis,
605 1183 830 1262 grammaticis,
860 1200 997 1241 annonae
1019 1183 1233 1255 restituuntur,
1261 1184 1373 1262 ergab
1391 1187 1445 1245 toa

220 1269 338 1327 ablatae
356 1229 489 1328 inerant.
532 1228 682 1344 Zonaras,
708 1267 746 1327 tie
763 1267 892 1326 comihb
908 1269 1062 1347 praefecti
1082 1266 1239 1346 stipendia
1259 1269 1338 1325 libe.

219 1356 336 1414 taliam
358 1358 477 1414 artium
504 1356 667 1434 magistris
694 1354 771 1414 olim
793 1354 964 1412 constituta
984 1355 1018 1410 in
1040 1352 1183 1410 omnibus
1204 1353 1336 1413 urbibus

218 1441 359 1501 sustulit.
401 1443 612 1542 Anonymus
603 1459 636 1498 m
655 1438 808 1515 chronico,
830 1435 850 1500 d
871 1434 1012 1519 βασιλεΰς
1031 1431 1238 1512 Ἰονσιιυιανός
1259 1438 1337 1518 nip-

218 1541 283 1603 aaa
306 1526 350 1598 εἰς
368 1517 505 1606 iiidice
527 1523 662 1588 lulianus
686 1523 804 1605 μηδένα
829 1527 946 1608 τολμᾶν
969 1517 1124 1585 didicens
1145 1527 1335 1624 φιλοσοφίαν

218 1610 270 1672 nai
294 1604 508 1711 ἀστρονομίαν.
551 1611 746 1671 lastinianus
768 1613 935 1689 imperator
959 1612 1085 1667 nuntios
1105 1608 1245 1668 Athenas
1272 1613 1337 1669 mi-

217 1697 276 1774 sit,
298 1699 354 1776 qui
374 1695 568 1775 prohiberent
582 1695 813 1775 philosophiam
835 1705 864 1752 et
885 1697 1108 1752 astronomiam
1128 1693 1240 1754 doceri.

303 1785 339 1839 P.
365 1781 440 1857 144,
463 1786 494 1846 6.
537 1783 615 1841 Dua
636 1783 792 1840 Romanis
822 1781 962 1839 consules
982 1780 1185 1854 creabantur,
1216 1782 1336 1839 Romae

218 1865 343 1944 quidem
364 1867 454 1939 alter,
473 1868 553 1925 alter
570 1866 730 1946 Byzantii]
759 1867 859 1944 Saepe
881 1865 1007 1945 quidem
1027 1884 1107 1923 uuus
1128 1868 1193 1923 sitta
1217 1867 1334 1944 collega

219 1951 326 2010 consul
347 1951 397 2009 vel
421 1955 454 2009 in
476 1954 607 2024 oriente,
635 1953 687 2009 vel
707 1953 739 2008 in
758 1949 915 2010 occidente
935 1951 1005 2006 fuir.
1047 1947 1110 2008 Sed
1131 1947 1205 2030 quid
1226 1969 1336 2008 causae

219 2044 280 2108 est,
311 2031 394 2114 quod
422 2037 616 2114 antiquorum
643 2036 789 2115 epistolae
816 2043 848 2091 et
876 2035 1020 2113 pleraque
1050 2035 1110 2091 alia
1135 2046 1335 2093 monumenta

218 2129 324 2178 extant
345 2120 436 2179 unico
457 2129 577 2178 tantum
599 2120 731 2178 consulis
753 2121 878 2180 nomine
905 2121 1082 2197 consignata
1103 2120 1141 2177 iis
1162 2122 1256 2176 etiam
1277 2139 1334 2176 an·

217 2206 282 2278 nis,
305 2205 416 2286 quibus
435 2202 511 2264 duos
532 2206 604 2264 fasti
627 2207 766 2265 consules
788 2202 927 2262 habenti
954 2206 1005 2261 Ex
1026 2201 1085 2260 hoc
1104 2204 1245 2283 Procopii
1266 2206 1334 2264 loco
1351 2209 1379 2264 V
1396 2213 1450 2270 378

217 2292 281 2368 peti
300 2310 390 2368 posse
413 2310 503 2349 causa
523 2289 656 2349 videtur.
699 2293 776 2361 Quia
797 2290 914 2348 scilicet
931 2288 1034 2367 aliquo
1057 2300 1226 2366 opus'erat
1238 2292 1337 2368 spatio

217 2377 381 2451 temporis,
412 2393 472 2452 quo
497 2376 658 2432 consutum
684 2385 853 2431 creatorum
872 2375 977 2430 nuncii
1004 2373 1083 2431 ultm
1106 2376 1241 2454 citroque
1265 2396 1339 2455 per-

218 2458 383 2531 ferrentur3
406 2459 529 2515 interim
550 2459 751 2537 provinciales
773 2459 929 2516 consulem
950 2457 1051 2516 solum
1072 2459 1227 2534 notabant,
1250 2465 1336 2522 cuius

217 2545 352 2622 primum
380 2545 519 2600 notitiam
548 2541 738 2602 habuissent.
789 2543 936 2650 Synesins
962 2546 1056 2643 epist.
1081 2546 1153 2608 132.
1180 2543 1263 2624 χθὲς
1283 2545 1338 2609 καὶ

216 2623 327 2734 πρώην
346 2625 396 2690 tat
417 2631 481 2688 taio
503 2625 669 2733 ἔναγχος
647 2622 792 2704 andrae,
814 2620 860 2690 aiu
881 2622 989 2710 ursatio
1007 2627 1089 2693 ἐστιν
1109 2622 1337 2710 Ἀρισταίνετος,

215 2708 267 2776 τὸν
288 2735 346 2794 γορ
377 2707 563 2794 συνάρχοντα
591 2708 704 2792 ciyuoci.
748 2711 1005 2790 Nudiustertius,
1036 2717 1127 2773 nouis
1148 2717 1337 2794 consonam,

217 2819 351 2878 quorum
366 2797 444 2854 alter
464 2808 507 2855 est
518 2798 741 2867 Aristaenetus,
760 2798 911 2874 collegam
925 2803 1006 2856 enim
1020 2801 1141 2878 ignoro.
1182 2801 1239 2860 Ad
1254 2800 1338 2860 ltnnc

216 2884 321 2941 locum
341 2883 389 2940 rir
409 2881 631 2941 entditissimus
652 2883 818 2962 Dionysius
832 2884 993 2955 Peresius,
1017 2879 1177 2965 συνάρχων
1191 2884 1339 2944 Aristae-

133 2997 137 3004 .
216 2970 456 3027 neti-Honorius
478 2970 644 3046 imperator
658 2971 728 3044 fuit
750 2989 835 3026 anno
854 2967 928 3032 404.
971 2969 1056 3026 Bene
1078 2979 1134 3045 est,
1154 2972 1198 3029 sic
1221 2967 1337 3030 habent

217 3055 306 3127 iasti;
334 3053 447 3114 subdit.
491 3055 556 3113 Nec
583 3057 697 3112 mirum
723 3055 867 3133 ignorari
888 3053 929 3111 ab
951 3055 1096 3131 Synesi05
1125 3058 1236 3114 etenim
1258 3077 1336 3115 cun-

216 3139 336 3197 salaris
349 3139 446 3200 tonos
464 3140 637 3218 principali
649 3141 801 3218 fastigio,
822 3139 907 3197 velat
920 3136 1013 3197 eidus
1032 3140 1111 3198 solis
1123 3142 1241 3199 lamine
1261 3162 1337 3199 can-

218 3221 359 3282 debatur.
404 3221 467 3283 Sed
489 3223 573 3299 ludi,
595 3227 781 3299 rennfioues,
806 3243 933 3303 munera
956 3225 1059 3283 statim
1080 3226 1167 3285 initio
1190 3228 1336 3285 consula-

217 3319 266 3368 tus
296 3309 333 3366 ab
355 3311 489 3368 Honorio
517 3307 556 3366 de
577 3329 661 3367 more
683 3308 771 3381 data,
800 3310 941 3388 publicae
965 3309 1087 3368 tabulae
1114 3313 1180 3371 eius
1209 3314 1335 3370 nomine

218 3396 412 3473 corrsiguatac
434 3395 590 3453 cottsulem
610 3413 710 3452 nonrte
735 3392 925 3472 prodebaut‘l
956 3396 1101 3455 Dicamus
1121 3416 1162 3455 ex
1185 3398 1335 3476 Procopio

217 3478 300 3560 quod
321 3490 376 3538 est.
420 3480 566 3559 Synasius
589 3480 712 3538 cnemis
731 3480 886 3536 corisulem
908 3478 1067 3538 commode
1089 3484 1253 3561 statimque
1274 3481 1335 3540 ha-

217 3565 289 3624 bere
311 3567 431 3644 potuit,
438 3566 594 3624 consulem
616 3561 780 3623 occidentis
802 3583 859 3620 uec
880 3563 1040 3624 coriunode
1061 3587 1118 3625 nec
1140 3571 1256 3626 statim.
1298 3571 1335 3626 In

217 3651 329 3710 tabulis
351 3671 422 3707 vero
444 3652 591 3729 pubiicis‚
622 3651 773 3724 consulis,
802 3651 887 3708 cuius
916 3669 1029 3708 nomen
1034 3652 1262 3754 ignorabatur,
1291 3654 1336 3710 sic

217 3737 334 3838 tuentio
363 3735 464 3794 tiebat.
510 3736 646 3814 Φλαβίου
669 3734 891 3815 Πρωτογένους
917 3735 970 3798 καὶ
990 3759 1045 3799 τον
1072 3733 1337 3817 δηλωθησομένου

216 3815 348 3883 dacisca.
391 3820 457 3878 FL.
479 3823 660 3897 Protegene,
683 3831 711 3878 et
732 3819 921 3879 declarando
944 3842 1042 3885 conss.
1085 3825 1154 3881 Act.
1173 3828 1192 3886 7
1215 3823 1336 3880 concilii

217 3905 445 3985 constantinop.
476 3907 532 3963 sub
560 3907 716 3965 Flaviano.
752 3903 1023 3966 Chalcedonensis
1053 3905 1173 3967 concilii
1202 3910 1336 3967 actiones

216 4002 338 4050 notatae
359 4000 440 4064 suut,
462 3991 636 4068 Marciano,
658 4001 759 4070 etqui
753 3992 881 4068 fuerit
895 3995 1063 4051 nunciatus
1077 4011 1178 4050 conss.
1199 3994 1232 4051 in
1254 3995 1338 4052 calca

217 4075 393 4156 diplomatis
408 4071 577 4136 Theodosii
600 4077 645 4136 sic
665 4076 808 4155 legimus,
830 4079 897 4140 FL.
907 4076 1060 4138 Antiochi
1078 4087 1106 4134 et
1126 4078 1259 4137 alterius
1281 4077 1339 4138 de-

217 4160 365 4221 clarandi
385 4161 565 4222 consulatu.

302 4250 338 4306 P.
364 4246 443 4320 tit,
467 4249 517 4312 13.
562 4245 635 4307 Non
654 4256 700 4306 ar
724 4247 848 4305 omnino
873 4246 1002 4304 comitia
1022 4242 1125 4309 videre
1144 4247 1338 4326 consularia]

217 4333 258 4390 Ut
281 4329 442 4406 donativis,
467 4333 638 4414 strenisque
659 4342 843 4413 parceretur,
866 4329 949 4412 quod
970 4328 1022 4390 bic
1043 4343 1144 4392 narrat
1159 4335 1337 4414 Procopius,

217 4425 250 4478 et
269 4419 403 4480 lustinus
424 4416 508 4500 apud
528 4421 696 4504 Corippum
716 4416 886 4479 confirmat.
