3125 4959
551 437 695 508 norm
718 435 944 505 ALEMANNI.
1038 494 1041 499 .
1223 425 1302 508 427

197 603 358 665 ethonore
379 603 589 682 lastinianus,
621 625 682 685 quo
712 604 833 664 nullum
860 601 991 663 antebac
1011 603 1151 683 legatum
1171 603 1284 682 excepit
1289 623 1304 676 ,-

196 713 267 751 curn
288 694 368 750 enim
396 692 450 750 ille
471 712 570 750 secum
593 689 798 770 epulabatur,
829 687 1058 748 Braducionem
1082 691 1149 747 eius
1169 698 1306 746 assecta-

196 788 310 854 torem,
338 797 376 835 nc
405 779 610 856 interpretem,
639 778 674 835 in
701 796 806 834 menso
827 776 916 854 apud
939 795 971 832 se
996 772 1169 832 decumbere
1189 773 1305 842 voluit3

197 859 286 942 quod
310 882 469 942 nunquam
496 884 532 921 ex
560 865 643 920 omni
670 863 806 920 anteacti
834 863 978 939 temporie
999 861 1147 918 memoria
1169 878 1308 936 usurpa·

197 959 266 1005 turn
291 949 369 1021 fuit.
412 949 495 1006 Nam
523 949 732 1027 interpretem,
761 966 834 1004 cum
861 946 909 1006 vel
937 946 1037 1022 infimi
1063 943 1183 1004 ordinis
1203 946 1309 1023 magi-

197 1042 320 1106 stratu,
348 1029 460 1091 nedum
482 1054 553 1091 curn
574 1035 771 1112 imperatore,
801 1029 847 1089 ad
864 1050 999 1089 mensam
1023 1027 1193 1107 considere,
1223 1048 1309 1086 nemo

198 1128 243 1175 est
275 1120 329 1196 qui
355 1116 478 1178 viderit.
524 1120 609 1197 Quin
636 1129 663 1176 et
684 1114 857 1196 Isde'gunen
878 1119 980 1194 ipsunt
1001 1115 1089 1195 longe
1108 1113 1311 1191 bonorificen-

197 1205 278 1277 tius,
307 1224 402 1282 quam
427 1225 485 1282 pro
513 1203 611 1283 legati
637 1201 825 1277 conditione,
853 1203 983 1281 excepit,
1011 1220 1050 1259 ac
1078 1201 1208 1275 remisit,
1238 1199 1309 1257 licet

197 1288 329 1368 nullam,
352 1300 388 1347 ut
409 1289 485 1368 dixi,
507 1310 569 1348 rem
591 1291 657 1347 eius
678 1289 793 1368 legatio
816 1290 988 1350 contineret.
1030 1288 1113 1344 Haec
1133 1287 1235 1342 miuus
1257 1304 1310 1341 ac·

197 1383 319 1447 curate,
351 1384 386 1432 ut
407 1394 498 1454 saepe
520 1375 597 1449 alia,
626 1376 838 1451 interpretatus
862 1382 907 1431 est
927 1367 1065 1448 naphael
1086 1371 1312 1429 volaterranus.

192 1459 357 1517 ¹Caeterum
384 1455 532 1517 Gltosrobs
560 1457 784 1516 Braducionem
819 1457 1031 1535 interpretem,
1063 1466 1132 1532 post
1166 1452 1308 1529 reditum,

199 1545 262 1618 egit
284 1545 316 1598 iu
340 1561 475 1615 crucem,
504 1543 569 1600 iure
596 1552 768 1621 suspectam
789 1539 904 1600 habeus
931 1537 1144 1612 immodicam,
1176 1549 1207 1597 et
1230 1538 1310 1597 effu·

199 1627 320 1685 sesnin
342 1647 413 1684 eum
434 1627 593 1684 Iustiniani
617 1627 870 1686 benevolentiam.
914 1628 1042 1704 Procop.
1065 1626 1087 1682 l.
1108 1625 1128 1686 8
1151 1621 1224 1682 hist.

284 1712 320 1768 P.
339 1715 390 1784 87,
415 1714 481 1775 16.·
509 1709 565 1770 Aa
585 1710 790 1770 barbarorum
809 1731 923 1770 morem
944 1730 977 1768 se
997 1712 1093 1768 citius
1116 1710 1310 1788 comparavit
1326 1711 1350 1767 Α
1365 1713 1401 1769 76

197 1816 343 1868 sermone,
363 1795 483 1871 babitu,
507 1794 641 1875 ingenio]
672 1797 810 1872 Fprtassc
832 1815 1012 1869 sennonem,
1035 1793 1233 1875 habitumque
1254 1813 1313 1873 pa·

198 1883 293 1937 trium
314 1879 522 1953 indicat,-lroc
544 1891 606 1952 est,
625 1880 800 1956 Illyricum,
830 1899 902 1936 uam
922 1883 1038 1957 passim
1057 1880 1220 1958 Procopius
1243 1897 1313 1936 earu

200 1976 323 2041 gentem
344 1964 503 2020 barbaram
523 1972 626 2035 vocat,
658 1973 687 2020 et
715 1959 766 2020 hic
795 1983 826 2042 p.
849 1963 891 2028 94
912 1967 1067 2022 Romanus
1088 1983 1187 2022 senno
1207 1965 1241 2021 iu
1262 1983 1313 2021 re-

199 2051 329 2129 scriptis,
355 2059 385 2107 et
406 2047 558 2108 mundatis,
577 2048 721 2127 principis
744 2046 920 2128 aliquandiu
940 2046 1132 2128 perduravit,
1154 2050 1187 2107 iu
1208 2050 1313 2128 priva-

200 2136 239 2192 tis
264 2154 336 2192 vero
364 2133 619 2193 collocutionibus*
645 2131 726 2213 apud
754 2135 876 2193 orientis
902 2135 1096 2213 imperatores
1122 2134 1214 2212 longe
1242 2144 1314 2192 ante

200 2222 403 2278 Iustinianum
428 2217 553 2278 desueta
580 2238 628 2276 res
651 2229 726 2279 erat.
769 2221 804 2276 ln
830 2219 960 2298 publicis
988 2220 1183 2277 conventibus
1204 2222 1314 2277 Latine

201 2315 232 2363 et
254 2307 367 2364 Graece
395 2303 490 2362 iidem
512 2303 653 2378 orabant3
683 2314 718 2362 ut
738 2305 909 2364 Marcianus
930 2305 962 2361 iu
988 2305 1116 2363 concilio
1143 2301 1315 2362 Chalcedo-

200 2393 309 2448 nensis
334 2391 549 2449 Constantinus
570 2407 700 2468 magnus
721 2392 755 2448 in
775 2391 889 2448 Nicena
914 2387 1031 2470 syuodo
1052 2400 1122 2469 post
1144 2392 1317 2448 Romanam

202 2479 386 2551 orationem,
416 2475 487 2534 licet
508 2476 656 2533 Graecam
680 2484 711 2532 et
739 2475 877 2554 linguam
899 2476 1036 2549 calleret,
1067 2475 1182 2533 Graeco
1211 2485 1318 2533 tamen

203 2571 249 2620 est
276 2581 349 2620 usus
377 2563 559 2640 interprete,
588 2571 624 2618 ut
654 2571 741 2618 autor
771 2571 816 2619 est
836 2561 988 2619 Eusebius
1008 2560 1031 2618 l.
1052 2559 1074 2622 3
1098 2559 1136 2618 de
1159 2562 1213 2618 vit.
1234 2561 1318 2619 Gou-

204 2656 295 2705 staut.
318 2665 344 2704 c.
370 2651 420 2710 13.
464 2649 529 2716 Qua
550 2643 657 2704 itidem
678 2649 794 2705 ratione
822 2648 982 2724 rescripta,
1009 2645 1153 2726 legesque
1174 2665 1320 2704 nonuun-

205 2750 300 2811 quam
320 2741 449 2810 utraque
468 2730 574 2808 lingua
594 2730 849 2808 proponebantur.
890 2731 947 2788 Rei
969 2750 1092 2789 causam
1110 2729 1209 2790 reddit
1226 2732 1319 2790 lusti-

203 2818 314 2874 uianus
336 2815 457 2872 novella
477 2818 531 2880 66.
573 2816 686 2873 Graece
709 2814 835 2895 quidem
856 2811 907 2877 deti
926 2810 959 2878 τὸ
973 2819 1017 2901 xqi
1033 2810 1148 2894 πλήθει
1169 2812 1319 2896 κατάλλη-

203 2906 277 2974 λον,
305 2902 412 2958 Latine
434 2919 505 2958 vero
529 2895 580 2962 tel
600 2897 634 2963 xi
655 2903 756 2980 σχῆμα
777 2905 834 2980 τῆς
854 2901 1014 2975 πολιτείας.
1050 2905 1092 2960 ln
1113 2902 1243 2980 publicis
1267 2903 1319 2959 iu-

203 2987 426 3065 scriptionibus,
448 2988 626 3065 praesertim
643 2987 864 3060 ecclesiasticis,
885 2989 1000 3064 passim
1018 2988 1203 3046 lastinianus
1221 2989 1319 3046 Grae-

204 3092 272 3129 cam
293 3074 431 3149 linguam
455 3070 628 3130 admiserat.
671 3073 707 3128 ln
730 3073 865 3130 nummis
891 3072 1045 3148 integrum
1065 3075 1195 3130 cenavit
1215 3075 1319 3130 locutu

204 3158 350 3216 Romanis
373 3157 514 3229 vocibus,
539 3176 580 3217 ex
601 3156 710 3237 quibus
730 3159 823 3236 prirni
844 3158 1012 3231 Mauritius,
1037 3167 1068 3214 et
1088 3158 1246 3215 Heraclius
1267 3175 1319 3214 eas

206 3251 369 3323 coeperunt
390 3261 576 3321 expungere.
621 3238 708 3313 Quod
739 3244 780 3301 ait
803 3241 840 3300 de
863 3244 995 3321 corporis
1016 3239 1140 3315 habitu,
1169 3245 1321 3301 curiosam

206 3328 238 3384 iu
260 3330 367 3407 primis
388 3347 454 3384 retu
475 3327 620 3385 brevitate
642 3327 804 3386 occultavit
819 3330 930 3407 potius,
954 3347 1047 3408 quam
1064 3327 1228 3407 explicavit
1243 3330 1321 3386 Pro-

208 3416 327 3491 copius3
350 3433 422 3470 uam
445 3430 486 3470 ex
507 3412 639 3490 anitiquis
653 3413 812 3470 iustiniani
833 3415 966 3470 nummis
987 3415 1109 3471 nonnisi
1130 3414 1321 3493 imperialem

208 3498 274 3555 eius
297 3499 402 3556 aetatis
423 3499 541 3556 cultum
563 3498 721 3555 observare
744 3508 800 3556 est.
842 3500 890 3554 En
911 3497 968 3553 tibi
982 3501 1132 3557 lustinum
1153 3500 1431 3579 ipso-penel'145

207 3584 368 3642 Iustiniani
392 3593 500 3641 ornatu
521 3602 555 3640 ac
579 3580 768 3659 supellectile
790 3584 934 3641 vestitum
956 3581 1037 3662 apud
1058 3584 1225 3665 Gorippum
1245 3585 1269 3642 l.
1291 3586 1323 3647 2.

336 3665 525 3744 Egreditur,
547 3671 713 3747 tunicaque
728 3669 808 3746 pius
829 3665 989 3727 inducitur
1010 3680 1113 3747 artus,

335 3753 444 3810 Aurea
465 3771 496 3808 se
516 3763 596 3810 veste
614 3763 728 3832 tegens.

336 3839 501 3914 Purpureo
522 3855 614 3893 surae
636 3850 780 3896 resonant
791 3839 938 3918 fulgente
958 3835 1118 3914 eotlnsmo,

340 3923 498 4000 Crurnque
514 3923 658 4000 puniceis
679 3921 803 3983 induxit
822 3927 911 4004 regia
932 3922 1052 3999 vinclis,

337 4007 488 4065 Parthica
510 4027 662 4086 campano
684 4005 830 4068 dederant
851 4028 931 4087 quae
951 4017 1074 4085 tergora
1086 4006 1181 4086 suco.

339 4091 495 4171 Augustis
516 4093 593 4150 solis
613 4092 671 4150 boc
693 4095 779 4151 cultu
799 4093 941 4172 competit
962 4095 1019 4166 uti,

338 4177 400 4236 Sub
422 4199 554 4256 quorum
569 4175 705 4258 pedibus
726 4200 834 4256 regum
855 4189 899 4238 eet
919 4199 1020 4237 cruor.
1042 4207 1128 4223 --

340 4263 501 4322 Nobilibus
519 4266 667 4341 genimis,
690 4273 719 4321 et
740 4274 824 4322 cocto
846 4259 971 4321 lucidus
992 4282 1071 4321 auro

271 4402 276 4416 ,
339 4348 472 4408 Balteus
494 4349 643 4428 effulgens
664 4349 786 4407 lumbos
801 4351 975 4428 praecinxit
996 4347 1116 4426 beriles,

339 4433 568 4516 bubstrictoque
588 4437 662 4496 cirta
683 4437 777 4497 vestis
798 4433 909 4496 divina
926 4431 1072 4515 pependit
