3125 4959
290 443 363 515 110
730 441 933 513 mocorn
1046 402 1049 409 ’

280 615 394 701 ματίαν
417 609 595 698 ποιοάμενος
602 661 613 696 ,
639 612 709 681 ἀντί
723 641 755 682 τε
769 617 906 701 σπουδῆς
921 622 975 700 τῆς
992 618 1060 703 περὶ
1077 622 1176 682 ταῦτα
1189 621 1377 704 περισκοπῶν
1525 673 1526 692 ,

281 719 337 804 μέν
351 716 390 784 τά
404 719 552 805 μετέωρα,
577 719 733 808 περιέργος
745 719 779 784 δέ
792 719 874 807 ἀμφὶ
892 726 931 807 τῆ
947 727 1003 786 τοῦ
1020 726 1097 810 θεοῦ
1111 717 1201 808 φάσει
1213 717 1376 811 γινόμενος,

242 823 333 896 lirul
354 821 423 887 urite
443 820 496 887 τὸν
518 818 651 906 πόλεμον
673 825 800 905 μεθιεὶς,
828 829 873 913 τῷ
890 819 1054 910 μιαιφόνος
1069 848 1115 900 τις
1136 824 1186 887 καὶ
1201 822 1377 910 τυραννικὸς
1525 811 1526 874 l

279 922 366 1007 ιίναι,
387 922 457 992 edu
473 933 618 1012 περιεῖναι
635 931 698 1017 τῶν
714 927 864 1009 πολεμίων
882 923 947 1004 οίάς
962 951 993 993 τε
1010 925 1069 1005 ὢν,
1094 930 1138 1014 τῷ
1155 923 1199 1009 μή
1215 924 1255 990 τά
1270 927 1376 991 δέοντα

1525 4513 1526 4556 l

1525 4617 1526 4654 l

1525 4669 1526 4710 l

1525 4723 1526 4752 l

279 1025 339 1094 ἀπὸ
353 1030 567 1115 σμικρολογίας
581 1027 839 1117 περιεργάζεσθαι.
889 1027 986 1118 ταάτη
1004 1056 1036 1096 τε
1056 1028 1151 1106 αὐτοῦ
1164 1023 1400 1111 βασιλεάοντοςὸ

281 1129 300 1217 ῆ
322 1138 363 1218 γῆ
386 1129 531 1215 ξύμπασα
552 1131 689 1215 έμπλεως
709 1135 838 1216 αἵματος
855 1131 1048 1222 ἀνθρωπείου
1070 1131 1103 1198 έκ
1113 1157 1145 1198 τε
1155 1129 1314 1214 Ῥωμαίων
1326 1132 1377 1194 καλ

278 1231 448 1323 βαρβάρων
459 1231 568 1319 σχιδίν
580 1259 609 1300 τι
623 1233 743 1302 πάντων
759 1229 893 1324 διαρκῶς
912 1238 1023 1323 γέγονε.
1074 1241 1171 1301 ταῦτα
1182 1234 1285 1318 μέντοι
1298 1231 1377 1298 κατά

282 1337 336 1402 τάν
349 1335 482 1422 πόλεμον
496 1336 669 1422 πανταχόθι
686 1345 742 1423 τῆς
756 1337 916 1422 Ῥωμαίων
933 1337 1105 1425 ξυλλήίδην
1123 1341 1215 1404 είπεῒν
1230 1333 1291 1402 ἀπὸ
1305 1341 1377 1401 τοῦ·

280 1465 335 1508 τον
357 1440 411 1508 τδν
426 1437 543 1529 χρόνον
559 1442 727 1526 ξυνηνέχθη
748 1443 900 1527 γενέσθαι.
960 1443 1001 1510 τά
1023 1445 1056 1508 de
1081 1441 1160 1506 κατά
1178 1435 1286 1506 στάσιν
1302 1437 1333 1504 έν
1346 1463 1376 1503 τε

282 1546 441 1633 Βυζαντίῳ
470 1546 522 1623 καλ
549 1540 633 1612 πάλει
660 1543 772 1633 ἑκάστη
799 1547 1013 1629 ξυνενεχθέντα
1044 1539 1303 1634 διαριθμούμενος
1321 1541 1416 1636 οάκλῡ

282 1636 404 1733 ἐλάσσον
425 1644 600 1734 ἀνθρώπων
621 1645 715 1738 φόνον
737 1645 834 1736 ταιίτῃ
856 1653 1007 1733 ξυμβῆναι
1029 1647 1051 1735 ή
1072 1646 1151 1714 κατά
1175 1646 1228 1712 τάν
1248 1641 1378 1727 πόλεμον

283 1747 397 1833 οίομαι.
447 1757 504 1818 τοῦ
522 1751 582 1839 γάρ
597 1753 715 1818 δικαίου
733 1752 785 1815 καλ
804 1757 860 1833 τῆς
870 1749 979 1834 ὁμοίας
996 1753 1183 1838 ἐπιστροφῆς
1198 1757 1263 1824 τοῖς
1271 1743 1378 1832 ,ἀμαρ-

281 1853 457 1935 παυομένοις
467 1849 510 1929 ὦς
522 1851 632 1936 ῆκιστα
648 1851 760 1931 ὄντων,
788 1851 868 1918 ἀλλά
884 1841 1189 1935 κατεσπουδασμένου
1202 1855 1247 1940 τῷ
1257 1852 1383 1932 βασιλεῖ’

281 1956 417 2042 θατέρου
437 1942 501 2020 τοῖν
520 1965 640 2042 μεροῖν
647 1949 784 2037 μάλιστα
802 1950 933 2039 ῆσυχέαν
956 1955 1028 2021 odel
1046 1951 1174 2040 θάτεραι
1195 1944 1279 2038 ῆγον,
1304 1949 1372 2016 ἀλλ’

282 2057 313 2123 ολ
333 2058 390 2141 μέν
412 2064 457 2146 τῷ
478 2057 698 2149 έλασσοῦσθαι,
723 2056 754 2123 οἳ
773 2059 809 2122 δέ
826 2062 872 2145 τῷ
892 2062 1021 2145 θαρσεῖν
1039 2061 1082 2136 είς
1097 2053 1267 2141 ἀπόγνωσέν
1279 2079 1311 2120 τε
1326 2054 1377 2118 καὶ
1388 2057 1420 2114 15

243 2158 428 2229 θάπάνοιαν
443 2160 489 2226 ἀεὶ
510 2159 655 2244 έβλεπον,
679 2161 731 2226 καλ
756 2158 799 2244 πῆ
818 2160 874 2243 μὲν
894 2158 1006 2248 ἀθρόοι
1031 2161 1083 2225 ἐπ’
1106 2155 1258 2238 ἀλλήλους
1274 2152 1380 2235 ίάντες,

280 2264 323 2347 πῆ
338 2265 372 2329 δέ
382 2265 454 2331 κατ’
469 2264 590 2351 ὀλίγους
604 2261 782 2349 μαχόμενοι,
801 2261 822 2346 ῆ
839 2264 891 2328 καλ
907 2263 977 2330 κατ’
997 2261 1096 2352 ἀνδρα
1111 2261 1163 2347 λ’να
1175 2258 1232 2336 τάς
1245 2259 1381 2345 ἐνέδρας,

281 2365 320 2431 ἀν
334 2365 415 2432 οὕτω
432 2363 528 2450 τάχοι,
552 2365 727 2452 ποιοάμενοι
745 2367 777 2444 ές
790 2363 846 2432 δάο
860 2369 911 2431 καὶ
925 2364 1089 2452 τριάκοντα
1101 2361 1257 2438 ἓνιαυτοδς
1270 2356 1327 2428 ovid
1353 2386 1381 2426 ·α

196 2483 222 2536 Α
234 2480 270 2538 al
282 2469 412 2547 ἀνιέντες
435 2470 541 2557 καιρδν
559 2472 650 2537 αιἰτοί
668 2497 701 2538 τε
723 2467 894 2558 εἰργάζοντο
912 2468 1063 2554 ἀλλήλους
1077 2465 1226 2552 ἀνήκεστα
1240 2463 1314 2550 ἔργα
1327 2465 1381 2528 καλ

281 2572 358 2661 πρὸς
380 2579 436 2658 τῆς
455 2581 499 2662 τῷ
519 2571 608 2664 δήμρι
626 2570 801 2662 ίφεστιάσης
818 2573 916 2660 ἀρχῆς
934 2569 976 2652 ὡς
987 2573 1027 2640 τά
1041 2570 1141 2639 πολλὰ
1157 2568 1422 2658 deponentem

171 2679 266 2742 lel
284 2673 303 2760 ῆ
320 2676 422 2760 μέντοι
442 2680 520 2754 τίσις
537 2673 875 2765 τῶνάμαρτανομίνιον
898 2677 931 2741 lx
959 2683 1016 2743 τοῦ
1037 2679 1226 2742 ἐπιπλεῖστον
1246 2673 1289 2747 είς
1309 2669 1383 2748 τοὺς

283 2780 462 2866 Πραοίνους
480 2780 601 2867 έγίνετο.
651 2778 775 2863 ἴτιμῆν
799 2781 850 2844 καὶ
867 2775 886 2864 ῆ
906 2781 938 2857 ές
951 2780 1025 2858 τοδς
1037 2778 1233 2866 Σαμαρείτας
1244 2774 1295 2839 καλ
1310 2772 1383 2850 τοάς

284 2884 488 2966 καλουμένους
514 2883 682 2970 αἱρετικοάς
709 2881 835 2960 κόλασις
863 2870 959 2976 φάνου
986 2884 1127 2966 ἀνέπλησε
1148 2878 1204 2964 τήν
1223 2874 1383 2960 Ῥωμαίων

284 2982 391 3073 ἀρχήν.
448 2994 546 3052 ταῦτα
567 2989 603 3052 δέ
620 3011 674 3070 μοι
703 2983 776 3052 ὅσον
798 2989 830 3052 ἐν
847 2989 1003 3076 κεφαλαίῳ
1033 2990 1176 3073 εἰρῆσθαι
1199 2979 1383 3063 ἀπομνημο-

351 3111 378 3168 b
393 3109 516 3182 πόλεμον
533 3113 623 3170 Reiak.
656 3109 791 3181 πολέμιον
803 3113 858 3170 ΑΡ.
962 3113 988 3168 6.
1005 3109 1097 3167 cainoni
1108 3111 1197 3167 Reiak.
1231 3111 1384 3184 [regebatur

354 3183 415 3237 τοῦ.
498 3184 541 3238 22,
559 3180 625 3254 μήν]
642 3179 692 3249 μὲν
709 3183 763 3237 ΑΡ.
854 3183 890 3240 λθ
908 3179 1001 3250 φόνου
1013 3183 1093 3235 Alcm.
1103 3180 1136 3233 Ρ.
1168 3179 1261 3250 φόνον
1274 3188 1307 3237 Α.
1325 3179 1384 3252 φά·

352 3269 411 3305 ναν
423 3251 511 3308 Reirk.
611 3251 655 3310 θλ
671 3249 953 3321 ἀπομνημονεύεσθαι
965 3249 1018 3304 ΔΡ.
1037 3249 1158 3304 Correxit
1171 3252 1253 3310 alem.

285 3357 345 3425 pter
355 3352 486 3406 avaritiam
497 3356 637 3424 apparatur
653 3354 756 3416 facere3
779 3371 827 3423 pro
839 3369 889 3436 quo
901 3353 986 3407 atudio
997 3352 1105 3407 animum
1115 3351 1148 3406 ad
1159 3353 1277 3408 sublimia
1289 3353 1384 3408 tradu-

285 3440 354 3488 cere,
370 3421 413 3475 dei
425 3431 542 3476 naturam
561 3422 683 3475 curiosius
700 3429 871 3494 perscrutari,
888 3422 987 3475 interi·
1008 3439 1091 3492 neque
1106 3423 1139 3477 ab
1154 3423 1231 3476 armis
1247 3423 1385 3477 discedere

285 3493 320 3544 ob
331 3491 505 3544 crudelitatem
516 3509 548 3552 ao
557 3492 733 3562 tyrannidem,
750 3509 834 3562 nequo
845 3491 943 3545 boetem
954 3490 1098 3558 debellare,
1115 3508 1132 3544 a
1149 3491 1325 3563 comparandis
1336 3509 1384 3545 ua-

286 3561 404 3612 ceaaariir
422 3561 522 3613 aordide
540 3561 700 3614 abrtinendo.
740 3562 780 3613 lta
795 3561 936 3632 imperante
953 3560 1093 3613 Iustiniano
1106 3561 1286 3626 Romanorum,
1303 3568 1385 3630 utque

285 3630 394 3681 omnium
405 3629 460 3681 lere
472 3629 634 3681 barbarorum
647 3644 738 3682 cruore
749 3630 881 3682 univeraua
894 3637 1018 3682 terrerum
1030 3631 1100 3682 orbis
1110 3631 1210 3683 abunde
1220 3629 1385 3682 redundavit.

285 3697 394 3752 Militiae
414 3698 513 3768 quidem
533 3700 596 3750 baec
614 3715 660 3768 per
676 3705 756 3751 totam
770 3699 827 3751 fere
838 3697 1007 3751 Romanorum
1018 3699 1116 3769 imperii
1126 3699 1244 3752 ditionem
1258 3699 1307 3752 beo
1319 3707 1385 3752 tem-

284 3774 388 3836 pestate
399 3768 576 3836 contigerunt3
593 3767 661 3819 domi
677 3783 740 3819 vero
758 3783 808 3819 non
825 3766 935 3820 minoren
947 3783 1022 3838 qnam
1035 3768 1093 3820 belli
1105 3776 1214 3838 amager,
1232 3764 1254 3820 ei
1265 3769 1300 3819 ab
1311 3769 1386 3820 excl-

187 3880 192 3890 .
284 3837 347 3888 tatis
357 3837 472 3906 pertibus
485 3837 603 3904 Byzantii
621 3845 700 3905 atque
713 3837 739 3888 in
750 3835 855 3888 urbibus
867 3836 923 3889 aliis
933 3844 1048 3907 patratae
1060 3853 1243 3891 enumeremus.
1278 3836 1385 3905 Quippe

285 3919 342 3956 cum
353 3908 379 3957 in
391 3911 479 3958 aontea
489 3923 540 3958 non
550 3921 632 3975 aequa
643 3915 713 3959 eaaet
723 3905 922 3968 animadversio,
940 3905 1015 3975 quod·
1023 3905 1127 3957 alteriue
1145 3905 1226 3975 partis
1243 3905 1385 3974 popularet

283 3974 485 4112 ἀλλλάῗλῗ
496 3975 906 4113 λλλξθλῗλλλὲἷξῗῖἕλὲλ
912 3973 1144 4096 tillltzltl‘
1154 3973 1386 4114 litztltltit

1375 4080 1386 4106 9

284 4128 352 4163 nunc
371 4083 441 4164 faite
456 4113 556 4180 agmine
565 4130 718 4165 conmanere
733 4111 801 4165 inter
811 4131 884 4175 ουτος
900 4130 967 4166 nune
978 4111 1150 4182 manipulatim
1161 4111 1301 4180 congredi3
1317 4128 1386 4163 nnnc

286 4180 408 4248 singulari
420 4182 557 4234 certamine
569 4182 702 4248 dimicem
719 4182 762 4233 vel
778 4183 800 4236 ai
819 4183 900 4235 ferret
917 4181 1033 4246 occasio,
1049 4200 1080 4234 ex
1097 4181 1194 4235 inaidiia
1211 4196 1302 4248 ομιτς
1321 4179 1387 4232 duoa

286 4256 367 4317 atque
376 4251 480 4317 triginta
490 4259 560 4306 totoa
574 4269 654 4304 annua
663 4263 764 4321 tempus
775 4251 869 4304 nullum
883 4249 1041 4306 remittentes
1052 4249 1096 4304 ulii
1106 4251 1132 4302 in
1142 4250 1207 4302 aliua
1217 4250 1335 4312 saevire3
1352 4249 1385 4302 ub

286 4318 360 4370 urbia
373 4318 509 4372 Praefecto
520 4338 645 4392 peraaepe
655 4321 741 4390 cupite
750 4321 847 4404 punitl3
862 4321 924 4374 licet
941 4321 1088 4390 plerumque
1104 4320 1136 4371 ob
1148 4317 1272 4372 maleficia
1282 4317 1309 4369 in
1323 4335 1387 4388 pra·

287 4385 356 4439 ainos
368 4395 435 4442 canet
445 4388 644 4450 animadversioe
661 4407 709 4442 nec
725 4408 806 4442 manua
822 4391 855 4441 ab
866 4388 998 4443 Samaritla
1014 4397 1041 4443 et
1052 4386 1185 4441 haereticis
1195 4387 1283 4458 petitia
1294 4385 1387 4456 pomi·

289 4455 411 4525 aanguine
427 4457 602 4529 complebatur
618 4456 759 4514 Romanum
775 4457 915 4530 imperium.
954 4458 1030 4513 Haeo
1043 4472 1110 4529 quae
1126 4456 1201 4511 modo
1217 4455 1251 4510 ud
1262 4458 1387 4510 aummaur
