3125 4959
573 455 716 551 notet
740 455 964 524 ueniunt.
1242 451 1318 526 409

201 620 251 688 ,ἕν
274 622 379 699 σφίσιν
398 615 507 728 concie
534 621 567 684 oi
587 620 764 722 Χριστιανοὶ
787 602 1054 701 διαμαχονται,
1029 617 1109 705 petio
1132 644 1184 702 μοι
1211 618 1246 684 ἓν
1266 617 1321 684 λό-

216 730 282 793 γοις
303 713 366 778 τοῖς
385 706 461 786 ὑπὲρ
482 704 597 770 τούτων
617 701 810 790 γεγράψεται.
855 708 937 765 Nam
958 706 1019 765 alii
1046 707 1232 786 Ulpianae'
1219 727 1253 764 en
1272 707 1321 765 Il·

218 794 315 870 lyrico
339 792 465 850 Caena
446 814 480 849 es
504 797 594 851 iussu
615 794 835 865 substiterunt5
856 813 959 870 nempe
981 795 1111 850 excitata
1133 793 1212 849 inibi
1233 811 1254 849 a
1274 793 1323 848 ci-

217 877 308 935 uibus
329 877 476 936 seditione
495 878 531 936 ob
554 900 606 936 eas
627 881 833 957 quaestiones,
864 878 977 956 quibus
997 881 1076 935 inter
1096 899 1127 934 se
1151 877 1324 937 Christiani

218 961 384 1036 dissident,
414 963 449 1020 de
481 965 592 1043 quibus
620 973 789 1042 opportuno
817 964 883 1023 loca
912 962 1056 1021 dicturus
1076 984 1156 1022 sum.
1200 963 1323 1021 Scilicet

217 1051 280 1104 iam
301 1059 366 1104 turn
387 1049 498 1107 librum
518 1045 700 1112 Ἀνεκὸόταν
721 1049 910 1107 moliebatur.
952 1047 1029 1108 vite
1050 1045 1106 1108 has
1127 1057 1215 1107 notes
1242 1047 1321 1106 infra

217 1133 256 1190 ad
276 1155 306 1211 p·
326 1135 398 1195 115.

296 1220 335 1275 ¹1³.
352 1220 403 1290 76,
422 1217 452 1282 5.
496 1221 572 1275 Post
589 1217 665 1276 liaeo
685 1229 788 1296 turpes
805 1238 971 1296 puerorum
993 1238 1111 1275 amores
1127 1217 1191 1294 lege
1211 1215 1322 1296 uetuit]

215 1304 300 1361 Duae
323 1302 380 1360 hac
402 1303 439 1360 de
462 1324 492 1360 re
516 1306 740 1362 constitutiones
762 1314 878 1361 extant.
893 1308 933 1367 77
949 1313 979 1359 et
994 1302 1051 1366 141
1077 1322 1205 1382 querum
1227 1304 1322 1360 altere

216 1407 286 1446 cnm
307 1409 362 1466 per
383 1391 474 1446 aliam
505 1393 692 1447 occasionem
714 1392 823 1467 scripta
845 1386 1000 1459 rideatur,
1029 1389 1122 1444 altera
1149 1407 1220 1446 vero
1250 1386 1321 1445 date

215 1476 254 1532 sit
276 1493 354 1532 atino
380 1471 496 1533 decimo
519 1486 623 1534 octavo
648 1486 716 1554 post
738 1475 928 1532 consulatum
949 1472 1070 1544 Basilii,
1100 1469 1182 1529 haud
1206 1470 1321 1547 dubito,

215 1560 289 1638 quin
311 1562 408 1636 prima
430 1559 629 1636 interciderit,
658 1581 749 1640 cluam
771 1560 828 1618 sub
849 1561 971 1616 initium
998 1560 1118 1636 imperii
1139 1557 1249 1615 factem
1271 1555 1323 1614 hio

215 1645 378 1722 Procopius
410 1644 596 1719 subindicat,
630 1665 665 1704 ao
694 1643 899 1724 Theophanes
932 1643 1045 1702 editam
1077 1662 1156 1701 onrto
1188 1641 1321 1702 secundo

215 1738 316 1805 aperte
339 1727 425 1804 dicit,
456 1743 485 1790 et
513 1734 702 1791 occasionem
724 1729 866 1802 ferendae
887 1731 947 1807 leg
920 1748 964 1785 rs
985 1730 1029 1784 ita
1054 1739 1166 1785 narret.
1214 1723 1318 1789 Tetra

213 1817 258 1896 τῷ
285 1813 340 1875 ἔτει
364 1809 487 1888 Ἡσαΐας
515 1816 677 1887 ἐπίσκοπος
704 1812 825 1886 Ῥόδου,
856 1812 908 1873 καὶ
914 1773 1128 1919 ΪἈλέξακδρος
1157 1791 1321 1886 ἐπίσκοπος

214 1877 407 1971 Διοσπόλεως
434 1923 489 1976 της
512 1897 634 1983 Θράκης
655 1897 887 2003 καθῃρέθησαν
897 1895 940 1970 οἷς
960 1895 1157 1974 παιδεραοταὶ
1176 1895 1320 1976 εὑρεθέν-

213 2005 273 2057 τες,
294 1981 345 2044 καὶ
367 1961 600 2062 ἐτιμωρήθησαν
621 1981 771 2056 δειναῖς
749 1979 811 2044 und
829 2006 883 2044 τοο
908 1980 1012 2062 dacili
1013 2005 1054 2054 σος
1074 1980 1320 2062 καυλοτομηθὲν·

213 2090 261 2139 τες
286 2066 337 2128 καὶ
358 2065 586 2146 πομπεύσαντες
611 2092 665 2129 του
694 2065 828 2148 κήρυκος
854 2070 996 2148 βοῶντος.
1037 2061 1254 2129 Ἔπίσκοποι”
1234 2088 1320 2142 οντες

212 2148 246 2215 τὸ
267 2155 366 2231 τίμιον
389 2157 486 2235 σχῆμα
507 2177 548 2232 μη
543 2152 694 2257 rotatu
694 2177 763 2216 οιτε.
807 2152 860 2215 καὶ
881 2154 911 2228 ἐξ
913 2153 1000 2216 ε’θετο
1018 2176 1034 2215 ο
1028 2147 1241 2256 ’βασιλεύς
1208 2175 1320 2232 νομους

214 2232 368 2337 oaodpodc
389 2262 463 2300 κατα
485 2243 547 2300 τοῖν
569 2232 818 2317 nortpertum,
840 2238 891 2300 eod
913 2237 1020 2300 πολλοὶ
1042 2239 1072 2311 ἐξ
1094 2231 1196 2303 otene
1216 2237 1322 2316 ἐτιμω-

213 2317 366 2404 ρήθησαν.
408 2325 480 2381 Hoc
507 2345 589 2382 anuo
615 2326 727 2382 Esaias
756 2327 916 2403 episcopus
942 2321 1066 2400 Rtodt,
1096 2333 1124 2380 et
1144 2320 1322 2380 Alexander

213 2411 371 2487 episcopus
392 2411 527 2487 Diospol
526 2429 575 2467 eos
596 2413 631 2467 ia
655 2409 793 2468 Tltracia
815 2411 990 2468 exautorati
1010 2419 1091 2481 sunt,
1115 2419 1218 2487 utpote
1238 2429 1321 2466 mas-

205 2495 353 2552 'culorum
376 2504 568 2574 corruptores
586 2494 770 2573 deprehensi,
792 2507 820 2552 et
841 2494 880 2553 ab
901 2498 1082 2572 imperatore
1102 2514 1199 2550 serere
1214 2496 1321 2572 puniti
1384 2509 1387 2514 '

212 2589 302 2656 sunt,
324 2601 397 2637 nam
419 2583 542 2639 essectis
563 2584 686 2638 ueretris
702 2601 759 2658 per
780 2581 884 2639 urbem
905 2578 1008 2653 ducti,
1031 2599 1180 2656 praecone
1195 2580 1322 2656 pracla-

213 2673 333 2736 manta,
364 2665 549 2744 quicumque
578 2668 650 2724 estis
679 2669 813 2745 episcopi
847 2664 1040 2725 reverendam
1068 2663 1252 2742 dignitatem
1283 2685 1321 2722 ne

213 2743 422 2809 dehonestetis
476 2749 580 2826 Quare
607 2750 818 2829 Augustus
805 2774 839 2809 m
872 2750 1057 2810 libidinosae
1085 2769 1205 2806 severas
1238 2749 1318 2828 leges

213 2828 320 2903 edidit,
343 2833 494 2910 multique
515 2834 667 2910 supplicio
683 2836 787 2914 affecti
802 2847 884 2894 sunt.
927 2837 1053 2895 Severus
1075 2836 1212 2892 nominet
1233 2835 1315 2910 leges

212 2936 288 2996 spiras
309 2913 360 2973 hic
381 2918 545 3018 Procopius
566 2919 672 2990 refert,
696 2938 730 2974 ac
751 2917 928 2992 detestatur,
958 2920 1127 2998 quibusque
1148 2920 1249 2976 nescio
1277 2937 1316 2976 au

211 3003 455 3079 religiosissimus
482 3005 647 3080 imperator
668 3005 879 3060 Constantinus
904 3023 1032 3081 magnus
1061 3003 1175 3059 bonum
1203 3004 1317 3062 iactum

211 3085 435 3165 adscripsisset3
464 3092 640 3166 praesertim
671 3108 740 3145 cum
770 3092 800 3146 in
831 3092 986 3168 episcopos
1013 3099 1078 3146 tant
1098 3087 1238 3145 indecore
1260 3090 1317 3146 ob-

210 3182 409 3230 servarentur.
452 3177 529 3231 Nam
550 3175 602 3231 ille
624 3177 672 3252 (ut
693 3171 905 3232 Theodoretus
927 3185 1026 3232 narrat
1047 3174 1069 3231 l.
1094 3174 1111 3234 1
1135 3193 1161 3229 c.
1180 3171 1233 3252 tt)
1251 3194 1317 3251 pa·

211 3255 387 3314 ludamento
418 3279 450 3313 se
482 3258 670 3316 obiecturum
702 3259 870 3317 affirmabat
904 3281 971 3318 eum
1002 3261 1197 3338 episcopum,
1229 3277 1318 3336 quem

211 3341 331 3397 alienae
359 3343 449 3397 uxori
469 3353 612 3419 stuprum
633 3343 808 3419 inferentem
822 3344 910 3419 finte
930 3342 1072 3418 ridie-set,
1102 3364 1139 3398 ne
1158 3342 1320 3420 facinoris

211 3436 370 3504 aspectus,
392 3446 439 3483 eos
462 3425 572 3504 quiid
592 3429 695 3504 ipsum
717 3437 881 3503 cernerent,
904 3427 971 3482 ulla
993 3448 1027 3483 ex
1043 3435 1136 3505 parte
1156 3426 1298 3487 laederet.

295 3513 331 3568 P.
349 3514 399 3583 76,
421 3515 452 3572 't‘-
497 3512 594 3570 Nullo
612 3531 744 3588 prorsus
765 3508 871 3567 decoro
888 3514 920 3568 in
940 3514 1098 3589 consucta
1119 3512 1319 3570 animadver-

210 3593 307 3675 sione]
329 3597 459 3669 Scilicet,
481 3599 638 3655 utstatim
659 3594 771 3668 subdit,
794 3595 943 3674 pudendis
965 3599 1103 3671 truncati,
1126 3598 1246 3677 publice
1267 3599 1318 3655 lu-

210 3679 307 3739 dibrio
329 3693 422 3755 erant,
445 3683 534 3740 sicuti
553 3681 645 3741 modo
668 3703 708 3739 ex
723 3679 913 3761 Theophane
929 3681 1073 3742 diximus.
1117 3681 1211 3740 Addit
1226 3685 1317 3740 loun-

208 3786 264 3826 nes
287 3767 405 3826 Siculus
427 3778 456 3824 et
477 3769 686 3846 Anonymus
677 3787 709 3825 ru
733 3765 889 3842 chronico,
918 3774 982 3840 τοῖς
1003 3765 1036 3828 δὲ
1062 3764 1217 3845 καλάμους
1238 3761 1318 3840 α’ξεῖς

210 3853 254 3925 εἶς
274 3874 346 3924 τους
367 3874 481 3930 πορους
502 3857 564 3914 τῶν
586 3854 713 3915 αἰδοίων
738 3852 903 3931 διεπέρασε.
939 3855 1065 3910 Aliis
1046 3874 1114 3910 sero
1137 3862 1245 3907 acutos
1267 3873 1321 3910 ra-

208 3939 343 3995 laruas
329 3957 363 3993 tn
382 3947 502 3993 meatus
518 3939 706 4013 genitalium
728 3939 865 4016 ingessit
909 3937 995 4008 Quod
1016 3939 1118 3996 nescio
1143 3939 1210 4016 quis
1233 3935 1320 3995 dete-

209 4032 320 4094 status,
343 4019 375 4078 id
399 4041 451 4078 cur
471 4022 598 4095 faceret,
620 4023 657 4080 ab
680 4025 846 4081 lustinieno
867 4025 1033 4102 quaesivit,
1057 4017 1138 4083 εἰδὲ
1162 4017 1321 4100 ἱεροσυλή-

209 4127 313 4183 nocer,
337 4101 393 4168 oo'u
416 4129 456 4168 ar
476 4103 532 4188 τὴν
554 4114 639 4188 χεῖρα
659 4104 775 4171 τούτων
795 4101 962 4187 tetrum
984 4127 1025 4165 an
1047 4126 1118 4179 non,
1136 4107 1235 4186 inquit
1255 4109 1318 4180 ille,

208 4193 238 4248 si
264 4193 463 4270 sacrilegium
492 4197 728 4270 commisissent,
758 4213 871 4252 manus
899 4193 968 4250 illis
995 4190 1205 4270 amputandae
1226 4192 1320 4271 suie-

207 4277 293 4334 sent?
316 4279 459 4336 Zonaras.

292 4363 327 4419 P.
348 4366 406 4436 77,
428 4367 459 4425 7.
504 4363 661 4420 Senatores
682 4381 750 4420 vero
774 4371 810 4418 ut
838 4359 878 4416 ab
902 4356 1012 4417 iisdem
1033 4361 1160 4439 emungi
1176 4360 1318 4434 fortunis

204 4449 380 4524 potuerint,
412 4449 476 4504 iam
500 4445 587 4526 dico]
619 4449 703 4506 Licet
726 4444 763 4505 de
792 4445 952 4526 suppiletis
980 4456 1154 4504 senatorum
1175 4444 1263 4503 bonis
1285 4446 1316 4501 in
