3125 4959
281 425 359 499 asa
629 423 1037 536 maternorum

280 587 418 673 ariandon
432 589 508 672 ἔχων
523 585 605 672 παρὰ
619 593 661 675 τῷ
674 592 795 671 βασιλεῖ
804 588 856 653 καί
873 584 1017 675 sestam
1030 592 1071 674 τῇ
1085 588 1245 674 βασιλίσσῃ
1266 591 1389 671 annale·

280 673 375 752 ὃτίξας
396 673 452 758 την
473 671 575 740 ciceia
602 671 758 758 εὐσέβειαν
779 677 824 750 εἷς
845 668 942 758 οόγην
963 671 1039 738 aussi
1062 675 1124 738 τῶν
1145 675 1180 738 ἐν
1203 678 1387 761 Παλαιστίνῃ

279 767 474 842 Χριστιανῶν
488 756 667 845 ὄρθοδίξιον
681 765 796 824 πιστῶν
809 765 956 842 κεκίνηκε.
974 761 1125 822 Arsenius
1139 759 1269 839 quidam
1284 760 1389 840 digni-

279 859 344 907 tate
365 849 500 907 illustris
511 849 646 926 facilem
666 848 765 906 nescio
782 868 849 926 qua
869 868 904 906 es
924 867 1020 907 causa
1036 845 1159 905 aditum
1171 847 1285 905 liobuit
1304 843 1391 926 apud

280 937 490 1013 imperatorem
506 944 533 990 et
549 930 735 992 lleeodoram
745 933 937 1012 Augustam,
952 930 1143 1012 quodfalsis
1156 933 1390 1016 narrationibus

278 1031 386 1078 contra
400 1019 603 1092 Christianos,
626 1020 681 1097 qui
694 1021 727 1076 in
743 1020 927 1093 Palaestina
940 1019 1065 1096 degunt,
1086 1022 1266 1080 concitauit.
1309 1018 1389 1075 Sub-

280 1103 325 1162 dit
346 1106 527 1184 Procopius,
555 1104 704 1164 sentiebat
732 1105 785 1162 ille
808 1124 877 1163 curn
894 1105 1068 1176 Sanmritis,
1100 1122 1206 1160 verum
1227 1123 1267 1160 ne
1288 1113 1389 1161 tantae

279 1193 432 1269 potentiae
453 1193 600 1248 iacturam
623 1189 751 1264 faceret,
776 1189 1016 1249 Christianorum
1036 1189 1095 1248 sibi
1121 1189 1258 1247 consulto
1277 1207 1389 1246 nomen

279 1273 456 1333 adsciverat.
499 1279 631 1354 Nempe,
653 1285 688 1333 ut
707 1273 791 1334 idem
813 1277 944 1356 cyrillus
963 1284 1075 1348 narrat,
1097 1295 1167 1331 cnm
1188 1284 1309 1331 sanctus
1331 1273 1389 1330 Sa·

277 1359 332 1418 bas
349 1362 641 1440 Constantinopolim
655 1363 843 1440 pervenisset
856 1361 1095 1420 Christianorum
1111 1360 1300 1418 Palaestinae
1316 1377 1389 1416 cau-

280 1465 346 1504 sum
368 1457 496 1520 aeturus,
519 1465 536 1504 a
558 1466 617 1526 qno
640 1448 699 1504 sibi
721 1449 814 1504 etiam
834 1457 925 1525 atque
946 1449 1040 1503 etiam
1059 1446 1196 1520 timebat,
1218 1445 1256 1504 ob
1278 1463 1388 1523 paren-

278 1534 319 1589 tis
338 1542 368 1589 et
383 1533 483 1590 fratris
499 1533 531 1588 iu
544 1531 733 1590 -Clrristinnos
747 1534 938 1590 Palaestinae
953 1534 1121 1604 saevitiam,
1140 1529 1282 1610 qnodque
1300 1530 1387 1586 arnbo

279 1615 523 1675 crudelissimum
551 1637 586 1674 ea
616 1615 654 1674 de
684 1636 774 1676 causa
801 1619 985 1696 supplicium
1006 1615 1178 1689 dedisseut3
1209 1614 1389 1694 Scythopoli

280 1705 363 1760 enim
384 1723 400 1759 a
415 1701 592 1761 Christianis
610 1701 751 1762 incendio
768 1705 956 1777 interierunt,
981 1700 1064 1782 qnod
1085 1701 1168 1758 idem
1181 1702 1276 1760 Sabas
1291 1701 1388 1758 multo

278 1800 349 1845 ante
371 1787 573 1868 praedixerat.
617 1785 766 1868 Σιλβανίς
787 1787 829 1862 τίς
850 1787 902 1852 ἐντί
923 1783 1049 1869 clariana
1068 1785 1100 1849 lv
1113 1783 1312 1850 Σκυθοπόλει
1333 1787 1390 1846 εἰσ-

278 1869 381 1935 tilido
411 1875 504 1954 χωρίς
531 1868 694 1947 arteriasue
717 1876 877 1954 βασιλικῆς
906 1870 1053 1955 ἁρπαγείη
1078 1868 1140 1936 eiad
1167 1875 1229 1933 τῶν
1250 1877 1389 1953 Χοιστια.

166 1998 169 2002 -
274 1962 341 2018 νσῖν
364 1958 408 2031 είς
429 1955 462 2020 τὸ
483 1957 577 2037 μ’ίσον
606 1953 726 2040 ἐκαύθη
747 1963 803 2040 τῆς
827 1953 955 2034 πόλεως.
997 1959 1141 2019 Silvanus
1162 1960 1283 2016 Arsenii
1304 1968 1390 2036 pater

274 2043 349 2118 fuit,
372 2055 404 2100 ut
426 2046 557 2122 Cyrillus
580 2043 705 2103 ibidem.

360 2132 395 2186 P.
419 2131 498 2206 150,
525 2129 573 2192 14.
618 2131 716 2188 Nullo
732 2127 891 2209 principes
911 2128 1078 2210 affluerunt
1097 2124 1304 2201 incommodo,
1325 2128 1390 2186 nisi

258 2211 361 2294 'quod
387 2218 474 2293 regia
497 2214 699 2293 prohibuere]
728 2214 823 2274 Addit
845 2217 992 2294 cyrillus,
1019 2208 1172 2296 Ἀρσὲνισς
1194 2207 1319 2294 (ioannis
1339 2213 1390 2277 inl

274 2293 388 2379 χρόνον
417 2297 522 2380 γέγονε
559 2304 618 2362 τοῦ
648 2299 795 2379 βασιλέως
820 2294 1037 2364 Ἰονσιινιανοιῖ
1065 2294 1270 2382 ἆναιρεθῆναι
1298 2293 1389 2369 adesir

272 2379 482 2458 κελεύσαντος.
524 2384 677 2443 Arrenius
703 2407 735 2443 se
755 2383 803 2443 ad
821 2397 940 2464 tempus
960 2385 1111 2459 occuluit,
1143 2383 1227 2464 qaod
1247 2405 1317 2442 eum
1339 2387 1390 2441 in·

273 2471 371 2546 terfiei
392 2472 517 2528 iusserit
537 2473 713 2546 imperator.
759 2468 796 2527 Id
816 2471 944 2529 fortasse
970 2490 1025 2549 per
1044 2473 1195 2548 speciem3
1219 2489 1312 2549 quare
1333 2489 1389 2548 per

162 2558 188 2612 A
205 2557 256 2614 109
273 2556 501 2614 sirnnlationem
522 2566 553 2613 et
574 2559 639 2636 ipse
657 2554 897 2614 Christianorum
915 2556 1067 2636 mysteriis
1084 2566 1152 2612 tum
1173 2565 1219 2613 est
1240 2556 1389 2613 initiatus.

358 2642 395 2698 P·
416 2639 486 2714 151,
508 2644 539 2702 3·
591 2639 779 2700 liundorum
798 2640 935 2722 offendit,
958 2660 1039 2720 quae
1056 2643 1223 2698 contrariis
1246 2639 1390 2700 Caesaris

273 2723 405 2799 studiis,
434 2735 471 2781 ut
493 2723 581 2803 infru
602 2723 725 2801 dicam,
754 2748 792 2786 ea
813 2731 847 2786 in
873 2749 905 2786 re
932 2728 1087 2800 nitivisa
1107 2727 1168 2804 est]
1205 2722 1242 2782 ld
1271 2737 1333 2800 est,
1357 2727 1391 2782 in

275 2830 365 2868 carisa
387 2808 642 2868 Chalcedonensis
664 2814 801 2885 coricilii3
823 2832 895 2870 narn
913 2813 1098 2872 lastinianus
1119 2812 1290 2888 σονοδίτης,
1313 2833 1391 2868 con·

274 2897 398 2954 ciliarls
422 2907 502 2954 erat:
525 2906 647 2970 cotnra,
669 2895 834 2956 Theodora
855 2895 1019 2957 damnabat
1041 2916 1111 2954 eam
1131 2895 1298 2972 synodum,
1321 2914 1390 2952 am-

271 2982 462 3061 plectebatur
481 2983 638 3055 Severum,
661 2979 849 3060 Acephalos,
872 2980 1114 3060 monophysitas,
1136 2977 1388 3058 Tbeopascbitas‚

273 3076 306 3126 et
334 3067 409 3126 alios
438 3070 503 3128 eius
527 3070 681 3148 temporis
711 3069 894 3130 Haereticos.
937 3065 1014 3125 Vide
1034 3063 1145 3142 Esagr.
1173 3065 1195 3121 l.
1213 3065 1244 3128 4.
1286 3067 1390 3139 Victor

272 3154 377 3211 Tunn.
401 3151 441 3212 ad
463 3155 655 3213 consulatum
674 3153 797 3228 Basilii,
823 3163 853 3211 et
873 3150 913 3210 ad
934 3152 1082 3211 consulat.
1102 3151 1201 3208 Decii.
1250 3148 1389 3210 Theodo-

272 3259 326 3296 rae
346 3239 514 3318 Augustae
528 3242 633 3316 factio
658 3259 755 3298 unum
776 3237 814 3296 de
835 3239 990 3298 Trinitate
1006 3257 1140 3316 passum
1161 3256 1301 3293 asserens
1327 3258 1390 3296 non

162 3323 255 3382 v³t9
272 3322 442 3382 sectandum
472 3322 565 3402 quid,
597 3321 653 3382 secl
671 3324 827 3400 absolute,
857 3321 1087 3403 suscipiendum
1112 3324 1232 3380 cunctis
1250 3323 1390 3401 generali

272 3410 337 3488 lege
358 3411 504 3488 imponit,
531 3421 560 3465 et
584 3430 606 3467 a
627 3409 746 3467 clericis
769 3421 864 3488 atque
885 3410 1044 3468 monaclris
1064 3407 1301 3488 subscriptiones
1321 3411 1388 3466 κίο-

272 3496 366 3554 lenter
388 3497 494 3572 exegit.
537 3495 666 3552 Sanctus
689 3495 801 3568 Sabas,
830 3503 866 3552 ut
887 3495 1018 3574 cyrillus
1044 3495 1151 3569 refert,
1181 3514 1266 3552 orare
1289 3495 1388 3553 noluit

271 3601 327 3660 pro
357 3580 480 3656 sobole,
512 3597 605 3658 quam
632 3579 690 3638 sibi
711 3576 877 3638 Theodora
904 3577 1030 3638 concedi
1051 3598 1068 3637 a
1090 3576 1148 3638 deo
1168 3580 1306 3659 petebat,
1334 3578 1388 3642 ira

297 3662 317 3746 ἡ
340 3665 373 3728 oi
392 3665 457 3729 olai
479 3659 574 3746 αὐτῆς
598 3667 660 3727 τοῖν
677 3658 820 3746 Σευήρου
840 3658 1002 3743 anticam
1022 3659 1198 3747 δογμάτων,
1226 3663 1278 3726 καί
1298 3665 1387 3746 χείρω

271 3754 470 3814 Anastasiou
491 3746 642 3834 ταράξωσι
662 3744 719 3829 τήν
741 3749 914 3830 ἐκκλησίαν.
958 3751 1022 3826 Νι,
1045 3754 1203 3829 inquiens,
1221 3753 1287 3808 eius
1308 3769 1388 3828 quo-

271 3858 332 3919 que
345 3837 415 3916 filii
437 3840 538 3897 Severi
559 3836 708 3917 dogmata
726 3846 905 3914 gustarent,
928 3845 956 3892 et
976 3857 1071 3916 quam
1090 3837 1283 3895 Anastasius
1299 3837 1389 3915 peri-

268 3923 405 3983 culosius
422 3925 580 3982 ecelesiam
589 3921 814 4002 perturbarent.
858 3924 957 3994 Quare
974 3923 1022 3980 bis
1040 3919 1230 3982 anathemate
1248 3922 1388 3999 perculsa

170 4042 172 4046 ·
269 4017 327 4082 est,
350 4009 446 4068 semel
469 4010 506 4068 ab
527 4013 675 4090 Agamem,
697 4018 732 4065 ut
752 4007 837 4066 idem
858 4011 961 4068 Victor
983 4007 1112 4065 affirmat
1134 4003 1174 4063 ad
1195 4006 1388 4067 consulatum

268 4094 395 4170 lustina
422 4096 535 4155 iterum
564 4116 581 4152 a
607 4095 728 4173 Vigilio.
772 4094 903 4154 Sanctus
930 4095 1093 4172 Gregorius
1120 4091 1143 4148 l.
1171 4094 1191 4155 9
1222 4095 1311 4170 epist.
1332 4097 1386 4159 36.

269 4177 664 4239 recordandaememoriae
688 4179 831 4258 Vigilius
853 4200 944 4260 papa
973 4181 1007 4236 in
1034 4176 1106 4236 ur'lre
1126 4178 1214 4256 regia
1236 4180 1389 4236 constitu-

271 4277 325 4324 tus
345 4276 452 4324 contra
477 4264 669 4325 Theodoram
690 4275 765 4322 tunc
785 4265 982 4345 Augustam,
1009 4274 1036 4320 et
1056 4262 1232 4342 Aceplralos
1253 4260 1388 4321 damna·

271 4353 368 4410 tionis
383 4353 601 4431 promulgavit
621 4351 811 4410 sententiam.
855 4349 943 4422 Quod
970 4347 1020 4408 bic
1049 4346 1087 4406 de
1110 4348 1237 4408 concilio
1259 4347 1388 4407 Chalce-

272 4433 419 4513 donensi,
454 4447 485 4495 et
513 4435 551 4496 de
580 4439 737 4498 contrariis
771 4437 955 4498 sandonibus
983 4433 1136 4495 dicturum
1164 4454 1197 4493 se
1226 4435 1388 4516 pollicetur
