3125 4959
240 437 319 511 436
591 437 637 506 IN
662 439 774 508 HlST.
802 436 998 506 incantat

241 615 305 665 ator
324 602 469 666 vitaliani
496 603 617 683 tyranrn
644 601 700 662 sub
723 603 901 677 Anastasio,
931 598 1040 662 deinde
1060 602 1207 682 magister
1232 599 1349 660 allicio·

242 711 321 764 man,
344 688 384 747 ad
406 708 497 768 quem
514 698 620 748 extant
631 691 793 749 iustiniani
810 690 964 768 rescripta.
1005 689 1052 747 De
1068 690 1182 770 (iyrillo
1203 689 1348 766 magistro

238 775 390 847 militum,
412 771 482 832 vide
502 773 596 833 libros
617 771 656 832 de
677 775 751 833 bell.
765 777 850 833 Pers.
872 784 903 832 et
921 770 1018 834 Vand.

323 861 360 917 P.
380 855 456 933 104,
481 861 531 922 16.
581 860 727 918 Puellam
749 857 874 917 duxisse
900 880 932 916 re
951 854 1041 916 haud
1068 853 1264 936 imperviam]
1292 854 1348 913 cni

239 941 287 1022 (nt
301 945 426 1022 ,Plinius
453 944 589 1022 loquitur
615 945 682 1009 l.7
712 965 739 1003 ο.
759 945 814 1022 16)
844 955 1016 1004 concretum
1034 943 1169 1022 genitale
1188 963 1251 1000 ποπ
1272 949 1348 999 erat.

238 1029 312 1102 Vel,
342 1037 377 1086 ut
406 1029 448 1086 ait
477 1030 634 1088 Cornelius
656 1030 762 1088 Celsus
788 1031 811 1087 l.
833 1034 853 1093 7
875 1049 902 1086 ο.
916 1028 977 1090 28.
1007 1027 1068 1086 Cui
1087 1028 1251 1086 naturalia
1271 1027 1348 1082 inter

237 1133 270 1171 ee
304 1115 429 1171 me'ru'me
458 1115 686 1192 conglutinatis
720 1116 786 1172 orie
821 1113 1016 1171 concubitum
1053 1133 1115 1170 nors
1147 1110 1347 1169 admitterent.

237 1200 300 1256 llas
325 1199 443 1278 puellas
472 1201 580 1259 Attius
609 1209 639 1257 et
670 1199 778 1256 Graeci
803 1207 912 1256 vocant
945 1190 1112 1276 ἀκρήτους,
1141 1198 1348 1275 imperforsar.

235 1283 317 1343 Seite
337 1283 519 1343 Saturninus
537 1284 655 1343 notavit
675 1285 812 1340 vitiatam
834 1280 1061 1361 Chrysomallae
1082 1281 1189 1338 tiliam.

322 1370 357 1426 P.
376 1368 447 1440 105,
473 1375 502 1431 1.
546 1368 712 1427 Sublatam
734 1373 805 1438 (ceu
820 1387 935 1446 pueros
955 1369 990 1424 irs
1007 1363 1084 1423 ludo
1101 1367 1270 1438 litterario)
1289 1365 1349 1423 Sa-

235 1454 396 1510 turne'num
418 1451 585 1532 caederent]
610 1453 694 1512 Viros
715 1453 848 1511 illustres
867 1449 925 1509 hac
947 1450 1070 1509 affectos
1088 1453 1255 1529 ignominia
1278 1460 1348 1508 ente

145 1544 219 1600 185
236 1535 418 1596 Theodorae
446 1547 583 1617 tempora
610 1557 672 1596 riou
701 1529 773 1616 legi.
817 1534 1013 1596 Theodoram
1041 1537 1177 1595 imitatus
1208 1546 1253 1594 est
1277 1535 1348 1594 Ste-

234 1620 354 1702 phanus
384 1625 491 1680 aerarii
519 1622 706 1702 praefectus,
735 1623 791 1702 qni
816 1623 978 1678 iustiniani
1006 1623 1131 1678 iuniorIs
1156 1631 1288 1678 matrem
1314 1619 1349 1681 ἐν

234 1703 361 1787 σχήματι
383 1702 484 1787 ὥσπερ
504 1704 577 1778 τούς
603 1707 717 1778 παῖδας
739 1705 772 1767 οἱ
793 1703 1012 1786 γραμματισταὶ
1038 1704 1086 1783 (ut
1107 1705 1140 1762 S.
1162 1702 1348 1782 Nicephorus

232 1790 384 1871 loquitur)
406 1787 665 1868 quemadmodum
680 1786 770 1868 apud
784 1793 952 1866 magistros
967 1791 1058 1868 pueri
1078 1788 1183 1858 solent,
1204 1788 1348 1868 vapulare

234 1878 333 1934 iussit.
377 1873 411 1932 si
432 1872 514 1932 hunc
535 1893 605 1932 cum
626 1874 694 1932 aliis
716 1872 807 1930 huius
829 1872 972 1931 historiae
995 1874 1071 1930 locis
1093 1873 1247 1946 conferas,
1274 1870 1348 1953 quid

235 1961 382 2030 catomis,
411 1958 461 2016 vel
481 1968 599 2016 catomo
620 1955 711 2038 caedi
731 1960 770 2017 sit
791 1956 924 2030 videbis,
958 1955 1041 2038 quod
1067 1976 1158 2037 saepe
1176 1960 1210 2015 in
1230 1967 1347 2038 marty-

234 2065 304 2104 rum
325 2045 395 2101 vitis
415 2043 574 2121 legimus.¹
600 2045 705 2123 Neque
734 2044 817 2100 enim
843 2053 890 2100 est
911 2039 1044 2100 demisso
1064 2045 1163 2118 capite
1191 2040 1346 2121 suspendi,

233 2130 286 2190 vel
315 2129 470 2188 sublatum
505 2129 538 2185 in
566 2124 711 2184 humeros
747 2123 851 2198 caedi,
887 2134 922 2181 ut
949 2126 1006 2182 viri
1035 2120 1117 2182 docti
1144 2127 1345 2205 explicarunt.

233 2217 313 2274 Nam
340 2233 372 2292 p.
396 2213 438 2274 13
466 2219 497 2268 et
524 2206 566 2272 54
594 2208 722 2268 Pharius
751 2219 781 2268 et
807 2209 962 2287 Astrologi
989 2218 1097 2268 neutro
1123 2208 1216 2269 modo
1246 2209 1346 2270 effecti

234 2308 322 2371 sunt,
354 2297 408 2376 qui
428 2305 531 2353 tamen
552 2288 622 2355 κατ’
641 2291 744 2374 οἴμους
765 2292 817 2356 καὶ
838 2298 920 2355 νῶτα
946 2294 1106 2374 vapulasse
1128 2292 1285 2371 dicuntur,
1311 2305 1346 2354 ut

234 2382 416 2443 Saturninus
437 2377 498 2439 hic.
539 2380 590 2437 Ex
611 2389 714 2438 nostra
733 2377 774 2438 ad
793 2376 871 2438 haec
891 2379 959 2439 loca
978 2382 1243 2460 interpretatione,
1270 2378 1346 2463 quid

235 2469 368 2528 catomis
385 2463 474 2524 caede·
495 2465 534 2524 sit
554 2465 719 2544 intelliges.

318 2553 355 2609 P.
376 2549 448 2625 105,
470 2553 501 2612 8.
547 2549 617 2627 Quo
631 2549 786 2629 supplicio
799 2546 945 2609 Ioannem
961 2547 1174 2629 Cappadocem
1196 2549 1342 2632 affecerit,

233 2636 323 2696 libris
344 2635 420 2693 aliia
442 2631 599 2713 diximus]
634 2636 702 2694 Ieib.
727 2637 741 2697 1
775 2633 849 2692 bell.
876 2636 961 2694 Pers.
992 2645 1130 2696 extremo
1158 2635 1343 2716 Cappadocis

126 2725 130 2730 '
233 2724 355 2781 ruinam
374 2721 442 2778 tuse
462 2721 671 2801 prosequitur,
700 2716 942 2800 Theodoraeque
963 2719 1108 2793 insidias,
1131 2721 1344 2784 etcrudelita-

233 2817 307 2881 tem,
329 2825 364 2864 ac
384 2806 544 2864 iustiniani
565 2805 798 2864 conniventiam.
841 2804 961 2863 Ibidem
982 2803 1021 2863 de
1039 2807 1182 2865 Antistite
1204 2805 1263 2866 hoc
1282 2809 1343 2885 cy-

234 2889 355 2965 ziceno,
384 2910 477 2971 quem
496 2891 663 2950 Eusebium
682 2892 836 2951 nominat:
868 2892 896 2951 is
917 2892 1045 2952 concilio
1065 2891 1344 2971 Constantinopoli·

233 2987 305 3037 uno
325 2976 474 3035 interluit.

318 3064 355 3120 Ρ.
375 3064 451 3136 107,
472 3060 504 3122 8.
547 3061 739 3119 Bele'earr'um
759 3062 895 3119 evoeave't
916 3059 1138 3118 insimulatum
1158 3057 1342 3139 tyrannidis]

131 3156 220 3215 P152
235 3147 324 3206 Falsa
348 3144 565 3225 perduellionis
586 3148 717 3224 suspicio
740 3156 787 3203 ter
807 3148 839 3203 in
860 3145 1043 3203 Belisarium
1062 3164 1166 3223 sparsa
1187 3155 1242 3204 est.
1286 3145 1344 3204 Se-

233 3233 297 3292 mel
326 3250 397 3288 curn
423 3233 456 3287 in
478 3228 603 3288 Perside
625 3233 791 3288 contineret
812 3233 997 3302 exercitum,
1026 3232 1191 3288 Iustiniana
1213 3232 1344 3308 graviter

234 3324 425 3394 aegrotante,
447 3325 482 3372 ut
504 3325 549 3374 eat
570 3334 661 3394 supra
681 3333 751 3393 pag.
775 3317 824 3378 17.
871 3315 1285 3389 illarcellinus3'Bele'eare‘ue
1305 3313 1343 3373 ds

234 3405 347 3460 oriente
367 3411 511 3458 evocatus
530 3401 565 3458 ἰπ
585 3400 735 3481 uffiasum
750 3399 988 3480 periculumque
1008 3403 1169 3459 incurrens
1185 3421 1293 3478 grave,
1314 3410 1344 3459 et

234 3483 374 3546 invidiae
393 3485 570 3559 subiacens,
601 3506 714 3544 rursus
733 3487 899 3542 remittitur
921 3484 967 3542 ad
987 3483 1125 3547 Italiam.
1168 3488 1283 3543 lterum
1310 3487 1343 3543 in

233 3572 337 3632 Africa
357 3580 425 3649 post
447 3569 600 3630 devictum
621 3572 822 3646 Gelimerern3
845 3568 928 3648 quod
948 3567 999 3627 hic
1019 3568 1147 3644 indicat,
1169 3580 1200 3628 et
1220 3571 1342 3629 uberius

233 3655 325 3716 docet
344 3657 507 3734 Procopius
528 3656 550 3714 l.
572 3659 594 3719 2
617 3655 690 3713 bell.
705 3652 802 3714 Vand.
845 3657 951 3713 Tertio
973 3673 1045 3712 cum
1065 3655 1129 3712 iam
1151 3673 1248 3714 senex
1268 3675 1343 3735 age-

231 3752 281 3801 ret
309 3741 579 3821 Constantinopoli.
629 3737 757 3821 Σέργιον
787 3731 951 3802 deterrerer
981 3737 1185 3842 ὁμολογῆσαι,
1219 3739 1262 3815 eie
1289 3739 1343 3802 eal

231 3819 377 3899 Ἰσαᾶκτος
399 3822 418 3888 ὅ
439 3817 687 3910 ἄργυροπράτης,
712 3822 769 3910 Ικαὶ
790 3826 915 3900 Παῦλος
936 3821 956 3887 o‘
983 3847 1143 3909 uouemere
1164 3828 1342 3906 Βελκοαρίον

232 3909 399 3994 ἐγίνωσκον
424 3906 481 3990 τήν
510 3908 629 3990 σκέψιν.
673 3907 880 3989 τυσχεθέντων
910 3902 1092 3990 clupeisque
1119 3909 1171 3973 καὶ
1202 3909 1343 3974 ἐκδοθὲν·

232 4018 295 4059 των
316 3996 486 4080 Προκοπέῳ
512 3999 556 4080 τῷ
584 3987 703 4077 ἐπάρχῳ
731 3992 895 4058 κατέθεντο
924 3993 978 4058 καὶ
994 4001 1138 4060 κατεῖπον
1155 3998 1340 4078 Βελισαρέον

233 4083 290 4144 τοῦ
316 4082 487 4163 πατρικίου,
532 4073 648 4141 Αὐτίκα
674 4077 695 4142 o'
722 4076 865 4159 βασιλεΰς
889 4077 1014 4161 γέγονεν
1039 4077 1103 4145 u‘rro'
1134 4073 1341 4162 α’γανᾶκτηστν

235 4168 422 4248 Βελτοαρίον.
470 4167 516 4249 Τῇ
540 4162 668 4247 πέμπτῃ-
681 4167 739 4226 τοῦ
759 4165 948 4244 Δεκεμβρίου
968 4161 1062 4244 μηνός
1082 4165 1227 4245 ἐποίησεν
1249 4166 1268 4230 o‘
1288 4167 1340 4244 βα-

234 4246 334 4323 ariade
356 4248 510 4312 Σιλέντιον
530 4247 654 4331 ἐνέγκας
679 4246 732 4310 καὶ
759 4245 812 4312 τὸν
840 4245 1006 4313 ὁσιώτατον
1025 4245 1216 4333 πατριάρχην
1238 4243 1369 4313 uiri·

232 4356 300 4416 χιον
317 4329 457 4409 κελεύσας
474 4328 712 4417 ἀναγνωσθῆναι
728 4329 784 4409 τοὶς
804 4326 907 4396 οὔτῶν
923 4332 1112 4412 seruiium,
1132 4335 1186 4397 nal
1205 4328 1340 4409 ἐνούσας

232 4413 409 4503 Batauique
429 4418 448 4486 e‘
454 4422 625 4503 ’πατρίκιος
646 4414 782 4503 μεγάλως
801 4414 953 4503 ἐβαρύνθη.
996 4418 1049 4484 καὶ
1069 4418 1197 4503 πέμψας
1216 4419 1234 4487 ἐ
1252 4421 1338 4502 βαστ-
