3125 4959
548 433 692 508 NOTAE
716 433 943 506 smmum.
1224 430 1300 506 433

192 597 292 660 titulo.
340 600 433 659 Patro
459 597 686 679 gloriosissimo
711 599 869 678 ,magistro
905 595 1087 660 divinorum
1114 599 1336 680 officioram
1352 601 1389 660 82

191 686 283 744 Venit
310 704 377 742 cnm
405 686 472 744 aliis
499 686 620 764 imperii
647 684 826 764 primatibus
846 687 992 764 vigilium
1013 704 1125 766 papam
1146 683 1183 744 ad
1207 705 1300 766 syno-

193 767 266 828 dum
289 770 653 850 constantinopolitanam
673 780 858 844 revocaturus,
886 780 922 829 ut
941 781 987 831 est
1007 770 1123 829 ibidem
1144 771 1246 830 collat.
1268 774 1302 834 2.

191 855 278 914 Alius
300 863 345 912 est
366 855 473 912 Petrus
490 855 662 934 praefectus
682 857 850 933 praetorio,
880 852 1001 937 dequo
1022 857 1114 914 iufra.
1157 859 1216 915 llic
1237 865 1303 915 erat

191 941 355 1018 lllyriensis
388 942 486 1018 patria
513 937 750 1014 Thessalonica,
781 959 822 998 ex
849 938 1002 1001 advocatis
1030 939 1191 1001 ordinariis
1218 941 1302 1001 urbis

192 1025 508 1103 Constantinopoleos,
539 1022 632 1084 homo
654 1025 801 1103 singulari
821 1023 979 1103 prudentia
1003 1035 1034 1084 st
1056 1025 1301 1101 mansuetudine,

192 1118 221 1167 et
249 1107 289 1166 ad
313 1107 559 1188 persuadendum
589 1119 795 1189 comparatus,
822 1119 856 1168 ut
881 1112 1045 1190 Procopius
1069 1113 1112 1169 ait
1139 1113 1162 1170 1.
1185 1112 1203 1174 1
1227 1112 1303 1171 hell.

191 1191 296 1252 Gottlr.
326 1203 356 1251 et
385 1192 521 1253 Cassiod.
543 1193 565 1252 l.
591 1199 641 1260 10.
669 1197 739 1254 llas.
765 1195 854 1276 epist.
875 1197 925 1258 19.
957 1197 1013 1255 Vir
1035 1195 1304 1276 eloquentissimus

190 1282 304 1338 Petrus
322 1277 445 1358 legatus
463 1281 639 1340 serenitatis
659 1291 785 1356 vestrae,
805 1289 833 1338 et
849 1276 992 1338 doctrina
1010 1301 1160 1355 summus,
1182 1291 1210 1338 ιι
1228 1303 1304 1340 con-

191 1367 335 1422 scientiae
355 1365 496 1422 claritate
511 1371 712 1442 praecepitur.
754 1363 832 1425 vids
849 1367 937 1446 epist.
956 1367 999 1429 22
1020 1364 1154 1424 ciusdem
1173 1366 1244 1423 libri
1259 1368 1303 1429 23

191 1448 245 1508 ssd
272 1447 420 1528 profunda
448 1451 583 1506 avaritia.
628 1450 701 1507 Post
728 1447 862 1507 raditum
887 1458 932 1513 ‘ex
953 1451 1058 1508 Italica
1084 1452 1239 1528 legatione
1261 1447 1304 1508 ad

191 1533 400 1608 Theodotum,
428 1536 573 1611 magister
593 1533 761 1592 officiorum
783 1542 916 1591 creatur·
945 1533 1072 1592 tandem
1091 1537 1125 1593 in
1145 1533 1303 1594 Persidem

191 1621 308 1697 legatus
330 1617 369 1676 ad
391 1615 557 1677 Chosro‘em
578 1620 718 1677 mittitur.
763 1619 890 1697 Scripsit
911 1615 1068 1678 historiam
1090 1630 1122 1677 ct
1144 1617 1183 1678 ds
1211 1640 1304 1701 repu-

191 1705 286 1779 blica,
308 1701 379 1761 vide
400 1705 488 1782 plura
510 1701 593 1782 apud
613 1702 743 1762 Suidarn
762 1703 855 1762 verbo
878 1702 993 1787 Πέτρος
1035 1715 1064 1761 et
1085 1703 1177 1763 verbo
1199 1703 1306 1785 ἐμβρι-

190 1783 265 1865 sbrie.
306 1791 381 1848 Eius
403 1787 559 1847 historiam
580 1805 642 1847 non
660 1786 734 1863 vidi,
755 1786 811 1848 ssd
827 1787 978 1870 quaedam
996 1748 1165 1868 haganonis
1186 1790 1280 1868 logi
1270 1809 1306 1847 ιιι

191 1871 376 1933 bibliotheca
400 1875 582 1933 Vaticana
573 1895 607 1932 ιιι
634 1873 746 1952 eclogia
776 1872 814 1932 ds
841 1875 1053 1953 legationibus.
1096 1877 1212 1932 lterum
1239 1875 1307 1933 eius

192 1963 307 2018 mentio
330 1969 376 2018 est
396 1959 475 2017 infra
503 1979 535 2040 p.
557 1962 629 2024 107.
673 1961 771 2018 Huius
799 1959 880 2018 filius
900 1956 1082 2019 Theodorus
1106 1978 1184 2018 anuo
1212 1961 1307 2018 lusti·

193 2047 278 2104 uiani
299 2047 455 2122 trigesimo
473 2055 578 2124 quarto
597 2041 815 2124 perduellionis
835 2045 1029 2106 insimulatus
1050 2054 1106 2104 est.
1149 2043 1238 2118 Quod
1257 2045 1306 2104 illi

193 2150 303 2188 manus
325 2131 418 2188 altera
441 2140 520 2189 esset
540 2130 675 2205 brevior,
698 2126 891 2213 sonnisse
912 2131 1112 2209 appellarunt.

277 2218 313 2273 P.
331 2215 436 2290 07,5.
479 2217 559 2274 Erat
581 2214 755 2274 Iustiniana
777 2216 818 2274 ab
840 2216 978 2296 epistolis
996 2211 1137 2292 Priscus]
1158 2212 1246 2272 ldem
1266 2208 1307 2270 da
1408 2272 1415 2281 ,

192 2301 296 2360 Ριίιιο
318 2303 361 2358 ita
383 2301 475 2360 refert
495 2297 717 2380 Theophanes,
739 2299 795 2360 sed
816 2320 858 2358 ex
879 2301 940 2360 alio
962 2311 1083 2374 autore,
1106 2297 1307 2380 quemadmo-

194 2382 269 2444 dum
290 2396 354 2444 tuta
375 2386 470 2444 lector
493 2386 675 2464 intelliges3
693 2404 786 2472 quare
807 2405 882 2446 non
879 2385 1001 2451 frustra
1025 2383 1164 2445 dolemus
1184 2394 1230 2445 tot
1251 2402 1308 2441 vc-

192 2480 293 2528 terum
314 2481 454 2531 autorum
475 2473 631 2547 iacturam,
655 2473 710 2552 qui
730 2463 848 2546 sedern,
871 2489 950 2552 quac
971 2473 1135 2551 Procopius
1156 2466 1195 2527 dc
1212 2469 1309 2527 lusti·

191 2557 283 2613 niano
304 2574 340 2614 ac
362 2554 526 2616 Theodora
546 2565 716 2616 narrarunt.
764 2551 869 2640 Τουιῳ
890 2559 933 2618 soi
953 2554 1012 2619 loss
1034 2548 1212 2656 Πρίιιιις”
1189 2575 1309 2628 υπατος

192 2633 254 2702 aino
245 2635 419 2724 νοιιιρίιιν
437 2646 494 2702 τοῦ
514 2642 660 2722 βασιλέως
677 2619 944 2745 dyavcssndsle·‘
922 2665 984 2706 vno
971 2637 1161 2742 &roddens
1178 2643 1233 2719 τῆς
1253 2640 1309 2738 βι-

193 2725 328 2803 nullosne
358 2715 532 2803 ἐδημεύθη,
559 2723 612 2786 aral
633 2721 779 2801 διιιιονος
803 2728 937 2801 Κυζίκου
960 2719 1178 2807 ιχιιριιιιήθη
1206 2717 1311 2785 sclev-

126 2875 130 2884 ,
194 2827 303 2884 σαιιις
327 2813 385 2872 τοῦ
414 2809 568 2890 βασιλέως.
617 2810 689 2868 Hoc
714 2832 814 2888 anno,
844 2830 957 2889 nempe
978 2813 1138 2870 Iustiniani
1163 2813 1305 2886 septimo,

192 2897 323 2955 Priscus
344 2895 461 2968 consul,
480 2905 508 2952 et
530 2895 605 2952 olim
625 2897 768 2953 notarius
789 2897 993 2972 imperatoris,
1020 2897 1076 2973 qus'
1097 2895 1130 2950 in
1151 2912 1183 2948 se
1211 2892 1308 2950 Theo·

194 2977 289 3039 doroe
310 2938 556 3059 indignationem
571 2990 757 3039 converterat
759 2977 956 3059 ,publicatis
967 2979 1122 3061 fortunis,
1143 2978 1309 3036 Diaconus

198 3066 270 3145 Cyz'
258 3087 363 3123 coenus
383 3067 530 3126 initiatus
552 3077 612 3144 est,
635 3065 753 3124 iubente
777 3064 918 3125 Caesare.

280 3152 315 3207 P
333 3151 456 3222 97,11.
501 3148 665 3226 Detondet,
688 3145 1004 3231 insitamqueodr'gs't
1026 3145 1072 3208 ad
1090 3143 1309 3224 sacerdotium]

194 3237 262 3294 Mos
289 3236 346 3294 fuit
368 3235 559 3292 orientalium
581 3237 799 3314 imperatorum
820 3237 947 3294 minime
974 3230 1250 3304 commendandus,
1276 3241 1312 3288 ut

196 3321 305 3402 quibus
325 3322 406 3377 viam
428 3317 467 3376 ad
488 3318 650 3397 dignitates
673 3316 870 3400 praecludere
892 3321 1022 3393 vellent,
1053 3338 1106 3378 eos
1127 3319 1178 3375 vel
1199 3319 1312 3375 inritos

195 3408 289 3466 sacris
310 3402 473 3464 initiandos
504 3413 653 3463 curarent.
697 3408 826 3464 loannes
849 3402 1016 3483 Cappadox
1037 3401 1095 3461 hac
1116 3400 1223 3461 eadem
1247 3411 1311 3459 arto

196 3511 215 3550 a
237 3488 401 3550 Theodora
419 3493 654 3574 circumventus,
687 3492 819 3549 asacris
839 3487 988 3548 faciendis
1017 3489 1178 3560 abstinuit,
1210 3508 1249 3545 ne
1273 3483 1313 3543 ad

195 3578 359 3655 imperium
386 3575 469 3656 quod
490 3567 548 3636 sibi
573 3595 649 3634 vane
669 3575 888 3655 pollicebatur,
916 3562 1141 3654 impedimento
1169 3533 1202 3630 id
1223 3573 1316 3630 foret-¹

195 3664 326 3734 Primus,
350 3681 480 3742 quorum
500 3660 578 3720 mihi
599 3659 690 3720 modo
711 3663 795 3719 venit
816 3663 849 3720 in
867 3671 1015 3734 mantem,
1039 3657 1099 3718 hoo
1121 3659 1184 3737 egit
1204 3655 1312 3716 Theo-

197 3747 330 3806 dosius'
321 3750 433 3822 runior,
454 3749 509 3827 qui
529 3749 643 3828 Cyrum
663 3748 813 3846 praetorio
834 3746 1032 3826 praelectum,
1055 3746 1094 3804 ob
1116 3763 1185 3803 eam
1204 3740 1311 3822 populi
1326 3745 1350 3802 P
1368 3749 1422 3807 150

195 3852 314 3906 vocem,
336 3835 440 3912 Κῦρος
460 3831 563 3894 sol’
534 3855 577 3906 εις
598 3829 671 3895 allo
692 3823 819 3911 νικήσει
862 3833 941 3892 Alia
957 3841 986 3889 tc
998 3841 1100 3889 manet
1117 3829 1192 3907 Cyre
1212 3830 1310 3889 victo-

195 3921 263 3976 rio·
253 3936 378 3997 ,quam
398 3919 432 3975 iu
453 3916 647 3998 tyrannidem
667 3914 859 3976 Theodosius
880 3919 1094 3996 interpretatus
1117 3923 1178 3985 est,
1201 3911 1311 3990 Smyr·
1448 3969 1453 3980 ,

195 4021 255 4060 naa
276 4003 348 4064 fecit
369 4004 561 4083 episcopum:
584 4005 784 4082 posteriorum
805 4001 915 4060 deinde
939 4004 1125 4061 Graecorum
1146 3999 1310 4056 Caesarum
1327 4005 1353 4060 v
1370 4004 1424 4062 070

196 4089 300 4145 nullus
321 4089 384 4146 sere
408 4099 469 4162 est,
492 4091 598 4169 quiin
620 4089 748 4146 rebelles
770 4089 900 4165 amicos,
921 4090 973 4148 vel
994 4085 1232 4164 consanguineos
1255 4083 1312 4141 ab-

198 4171 322 4232 surdam
345 4171 423 4232 hunc
445 4195 510 4232 ram
531 4193 593 4232 non
616 4175 812 4234 commiserit.

282 4259 319 4315 P·
341 4264 416 4334 100,
439 4258 470 4322 4.
517 4261 579 4318 Ner
582 4281 617 4318 νο
639 4260 749 4317 bovino
770 4279 791 4316 a
803 4259 915 4336 fronte
935 4252 982 4315 'od
999 4275 1090 4314 aures
1112 4253 1314 4332 circumacto]

199 4345 264 4401 llos
281 4360 378 4420 genus
396 4343 582 4404 crudelitatis
599 4355 630 4404 st
646 4347 679 4402 in
693 4347 823 4404 Bassum
839 4345 1001 4448 patricium
1019 4341 1192 4400 exercuisse
1207 4336 1316 4398 Theo-

200 4426 346 4502 doram,
338 4447 369 4484 ru
391 4431 530 4512 πατρίοις
550 4419 1154 4573 cP.01nnlegtmn.TstttBa;8no
1173 4419 1316 4508 ιῖνηγιιρι

243 4520 385 4590 Paconius
406 4521 460 4577 lll.
