3125 4959
248 426 312 471 r111
449 401 649 468 tuentum
674 398 1148 470 perseeutneottnttttttn.
1216 457 1218 464 .

248 570 460 639 Fcclesiaetiooo
485 570 594 637 licentia
634 592 715 657 pom
739 569 768 634 in
782 568 858 657 piam
878 569 1047 664 proliumque
1067 571 1222 658 Principem
1242 571 1344 637 coloro

249 674 361 738 minime
382 696 465 761 posse
486 688 513 739 et
534 697 650 739 summus
671 672 721 735 ille
740 672 783 735 vir
804 670 973 749 alirunaloat,
996 674 1107 738 utboni
1127 696 1224 737 umnec
1244 674 1342 738 intelli·

249 788 327 862 guot.
369 777 446 840 llaec
459 798 543 862 porro
558 776 585 839 io
599 786 738 861 postorum
760 772 917 837 Chriotiaua
932 772 1096 860 lleapublica
1112 776 1205 840 mirari
1226 775 1343 853 leniret,

249 890 279 941 et
294 900 363 964 quae
376 878 547 943 luetinianmn
563 875 704 961 suspicere
721 875 812 938 adhuc
824 874 884 938 rien
898 888 958 950 ert,
985 874 1049 939 licet
1064 877 1227 963 ‹leopectura
1243 875 1346 942 dehine

249 982 370 1055 nonsit,
396 992 439 1043 eet
459 992 552 1043 tamen
567 977 626 1041 cius
643 977 748 1051 vicem,
775 998 903 1041 casumve
921 976 1134 1043 inlelicieeimum
1153 980 1344 1067 deploratura:

248 1102 308 1143 rum
324 1081 370 1147 hic
387 1080 507 1144 lubricos
530 1078 635 1142 videbit
656 1078 758 1152 calleo,
791 1075 918 1165 vimque
940 1075 1015 1143 ritae
1033 1080 1235 1164 periculorum,
1263 1104 1345 1168 qoam

247 1181 406 1246 lastinianus
420 1181 579 1268 ingrersus,
608 1200 625 1241 n
640 1198 707 1243 vera
720 1178 859 1266 regiaque
872 1179 996 1255 delexit,
1016 1202 1052 1244 ae
1066 1181 1176 1245 demum
1189 1183 1224 1246 ad
1238 1197 1345 1269 petram

248 1282 384 1353 Christum
412 1279 541 1355 offendit,
579 1280 687 1366 sibique
708 1280 899 1365 praecipitium
926 1281 1043 1366 meavit.
1086 1282 1205 1348 Tantum
1232 1306 1267 1347 ac
1288 1299 1345 1348 tam

247 1384 350 1450 illustre
373 1382 511 1450 luutioiani
533 1382 687 1467 exemplum
712 1380 762 1444 uult
787 1380 847 1445 eiua
871 1381 1000 1467 auspiciis
1020 1382 1048 1449 in
1070 1385 1209 1471 publicum
1233 1386 1347 1472 prodire

246 1502 371 1573 parcet,
400 1485 446 1571 qui
468 1484 496 1548 in
517 1481 727 1547 Ecclesiasticus
748 1482 786 1547 ita
808 1506 887 1547 coron
911 1481 1055 1560 incumbit,
1082 1485 1119 1550 ita
1143 1487 1346 1551 sacerdotalem

245 1598 335 1652 tuctur
348 1585 524 1674 dignitatem,
549 1584 587 1648 ita
611 1584 729 1669 denique
750 1585 953 1673 propagandae
968 1586 1109 1675 Religioni
1130 1590 1233 1665 antor,
1260 1603 1288 1654 ot
1304 1590 1345 1653 la·

246 1704 361 1753 rorcte
384 1686 638 1761 maeonidem,
669 1697 699 1749 ot
716 1684 827 1770 publice
851 1688 1029 1775 gratulemur.
1073 1690 1136 1753 Nec
1162 1690 1256 1754 dubito
1280 1690 1357 1777 quio¹

245 1791 379 1856 Barouiuu
391 1790 428 1853 acl
441 1787 478 1852 tui
492 1786 647 1874 quempiam
662 1787 779 1851 airnilern
797 1787 916 1853 delatum
932 1790 1005 1853 hunc
1026 1788 1124 1853 librom
1145 1792 1292 1867 uoloiract,
1320 1790 1353 1854 oi'

243 1903 300 1957 tum
315 1914 332 1954 a
347 1912 379 1955 ee
394 1888 509 1953 inueniri
523 1887 702 1975 contigisset,
732 1912 794 1955 cum
806 1889 996 1977 Aportolicum
1009 1891 1252 1957 lliloliotlreoorium
1273 1912 1346 1977 agc-

244 1992 301 2057 bat.
344 1993 424 2058 Nune
437 2012 506 2055 vero
521 1991 583 2065 duur
599 2012 650 2076 pro
670 2013 784 2055 munere
808 2013 872 2054 meo
886 1992 1049 2057 Vaticanum
1066 1993 1269 2057 Bibliotheeam
1279 2014 1345 2077 per·

245 2094 348 2169 tuero,
372 2105 402 2156 et
416 2090 534 2178 optimos
548 2112 671 2174 quotque
686 2091 788 2165 libror,
810 2092 857 2176 qui
870 2092 906 2154 ad
924 2091 1062 2177 publicam
1077 2092 1220 2156 utilitatem
1233 2094 1348 2157 odanto

246 2194 333 2261 iussus
355 2192 500 2277 perquiro,
530 2189 577 2251 hie
598 2212 629 2251 eo
650 2189 716 2253 milri
744 2191 846 2274 prinum
869 2190 984 2265 obtulit,
1017 2192 1096 2277 quasi
1121 2216 1176 2257 uon
1191 2208 1296 2258 temore
1312 2216 1347 2258 ao

246 2291 358 2357 lortuito
379 2293 572 2365 delitesceret,
599 2290 651 2354 aed
673 2303 702 2353 te
718 2302 861 2375 patronum
881 2292 1103 2378 praestolaretur.
1146 2295 1224 2358 Hunc
1237 2294 1287 2359 rili
1305 2308 1346 2360 tot

246 2394 399 2479 nominibus
416 2390 536 2457 debitum
556 2413 614 2478 ego
633 2413 684 2478 pro
700 2392 807 2457 meain
828 2406 858 2461 te
877 2394 1053 2461 obseruantia
1078 2394 1186 2473 dolero,
1208 2397 1255 2473 do,
1277 2410 1305 2461 et
1320 2397 1345 2462 si

246 2494 727 2584 mmmmmfflm
