3125 4959
619 396 763 466 NOTAE
788 394 1012 467 ALElitNNl.
1288 393 1366 472 439

154 600 157 605 -
259 561 416 624 tummcdo
439 571 592 644 superest,
614 581 725 643 nempe
746 563 868 622 libellus
881 583 944 643 pro
965 563 1063 623 tribus
1084 561 1232 644 capitibus
1253 562 1366 625 Graece

257 661 290 708 et
304 651 410 708 Latine
433 647 552 722 editus3
575 646 613 706 de
635 668 694 728 quo
710 647 842 707 Liberat.
865 669 891 707 c.
906 647 960 713 24.
1002 650 1144 709 Meminit
1162 651 1293 716 ,alianum
1313 653 1367 710 ln·

256 737 380 794 stinieni
401 732 642 814 disputationum
663 753 734 792 cum
755 735 875 794 Victore
895 735 1073 810 Tunnensi,
1096 737 1225 814 aliisque
1245 736 1368 795 Africa-

256 822 303 878 nis
320 821 477 900 Episcopis
498 818 582 878 idern
596 821 699 880 Victor
718 821 751 878 in
772 817 911 878 chronico
932 818 971 877 ad
993 840 1109 880 annum
1126 822 1288 879 Iustiniani
1308 824 1367 880 tri·

256 908 407 983 gesirnurn
435 915 587 964 octavum.
636 905 742 964 Refert
770 903 906 964 eiusdem
934 902 1119 986 theologicas
1148 905 1367 985 disputationes

256 1009 326 1048 cnm
356 990 528 1051 severianis
555 991 713 1069 Episcopis
741 992 933 1050 Innocentius
953 993 1186 1052 Maronianus
1176 1012 1209 1049 ιιι
1239 992 1367 1070 epistole

254 1073 295 1132 ad
308 1072 492 1134 Thematem
503 1077 724 1157 presbyterum.
766 1073 972 1135 Eustathius'
964 1097 996 1134 ιιι
1015 1078 1079 1135 rita
1095 1078 1193 1135 sancti
1210 1074 1366 1157 Eutychii.

251 1153 433 1224 Ἐιιίσιασθε
460 1162 574 1235 πάντες
600 1161 633 1224 oi
656 1158 900 1265 μεμνημένοι
869 1184 902 1224 ιο
922 1157 1074 1241 insereris
1094 1164 1157 1222 scie
1178 1162 1276 1223 θείων
1297 1163 1365 1244 doy-

254 1239 360 1324 priene
380 1250 438 1308 roei
464 1245 498 1311 ίν
519 1241 639 1326 ειίσεβιῑ
662 1269 699 1352 ep
729 1238 1070 1348 1ήξξἸονστινιανοῦ,ει
1097 1269 1164 1320 πως
1185 1241 1291 1319 ννιιτός
1311 1244 1366 1309 eal

251 1327 368 1435 unicae
394 1327 472 1412 ντιέρ
499 1327 557 1411 τήν
584 1334 647 1392 reis
675 1335 776 1394 αλλων
806 1325 953 1394 tutuno
981 1332 1130 1414 φροντίδα
1149 1323 1264 1408 ταύτην
1284 1324 1366 1408 εἶχεν

253 1410 303 1479 αἐί
325 1415 367 1490 οἱς
387 1417 462 1495 μίαν
481 1415 534 1478 καὶ
555 1411 672 1495 μόνην,
701 1419 759 1478 cosi
775 1412 850 1496 perui
866 1409 992 1479 ποίντιον
1012 1421 1074 1480 τῶν
1077 1415 1255 1524 asceticae
1275 1418 1374 1494 σνζη·’

251 1506 330 1575 esis,
353 1499 406 1562 eui
430 1501 587 1581 συναίρειν
607 1495 760 1608 λιίγον,
741 1525 779 1564 ον
802 1503 961 1582 κατίσχυεν
983 1499 1026 1576 eie
1046 1496 1098 1564 τοί
1105 1496 1202 1564 nothi
1222 1495 1275 1563 tit
1296 1503 1365 1562 suh-
1446 1518 1449 1525 ’

251 1589 404 1687 λογισμῶν
424 1589 570 1648 πιθανῶν
592 1583 645 1649 καὶ
667 1579 902 1659 inobservantis,
930 1585 984 1650 eci
1008 1590 1170 1672 μραφιιιοῖν
1184 1586 1365 1685 μαρτυριῶν

250 1693 460 1751 τροπονμινος
480 1664 601 1745 ανίοιίς.
646 1672 755 1732 Nostis
775 1693 877 1730 omnes
897 1683 1046 1773 quotquot
1066 1673 1248 1731 meministis
1269 1689 1364 1748 quam

251 1759 380 1815 curiose
388 1759 465 1836 piae
492 1758 655 1816 memoriae
682 1756 879 1818 lastinianus
912 1763 948 1816 in
974 1758 1152 1816 divinorum
1181 1754 1366 1833 dogmatum

250 1843 487 1921 investigatione
515 1853 711 1920 uersaretur,
745 1841 890 1922 quodque
915 1841 973 1902 diu
1001 1852 1151 1922 noctuque
1171 1839 1366 1921 posthabitis

250 1927 393 1986 omnibus
413 1928 491 1986 aliis
510 1929 610 2006 curis,
631 1927 723 1987 illam
743 1949 841 1987 unam
861 1939 890 1986 et
909 1928 1011 1986 solum
1031 1947 1194 2007 nunquam
1215 1926 1366 1984 intermit-

248 2022 338 2086 teret,
368 2034 432 2092 qua
458 2011 504 2072 ad
528 2010 756 2094 disputandum
784 2033 887 2074 omnes
908 2013 1100 2093 provocabat
1123 2012 1308 2080 haereticos,
1335 2018 1364 2066 et

246 2099 383 2154 rationes
405 2100 439 2158 in
458 2094 592 2156 medium
614 2096 838 2176 proferendae,
863 2099 977 2179 quibus
1003 2099 1058 2158 ille
1085 2095 1179 2157 valde
1199 2093 1364 2174 praevale·

247 2181 318 2251 bat,·
344 2200 416 2238 cum
442 2191 478 2240 ut
497 2183 672 2259 plurimum
692 2181 812 2239 eosdem
839 2183 1007 2240 haereticae
1028 2180 1248 2260 probabilibus
1269 2175 1362 2236 modo

246 2224 553 2355 ratiocinationibus,
576 2262 666 2322 modo
687 2262 1019 2340 demonstrationibus,
1028 2205 1135 2324 Pmodo
1158 2262 1290 2345 denique
1310 2283 1365 2321 ea·

248 2371 371 2409 crurum
391 2350 574 2408 testimoniis
595 2349 771 2409 litterarum
793 2349 977 2426 confutaret.
1018 2353 1084 2408 liac
1104 2351 1221 2412 scilicet
1242 2347 1364 2408 divina·

247 2456 317 2496 rum
345 2455 447 2494 rerum
477 2437 602 2494 scientia
633 2435 755 2502 inflatus
783 2435 929 2495 ecclesiae
963 2445 1010 2494 tot
1036 2435 1121 2512 leges
1148 2436 1363 2514 praescribere,
1380 2437 1456 2494 188

248 2540 386 2600 novaque
410 2520 553 2598 dogmata
574 2518 694 2578 tradere
715 2539 808 2597 ansus
829 2531 885 2580 est.
926 2519 987 2578 De
1000 2519 1110 2580 studiis
1130 2541 1203 2580 vero
1218 2519 1364 2600 philoso-

248 2604 339 2684 phiae
361 2609 517 2682 Agapetns
539 2604 699 2669 lsrstiniani
720 2602 962 2677 contubernalis,
991 2614 1024 2663 et
1045 2606 1191 2663 ecclesiae
1213 2607 1364 2665 Constan-

247 2690 464 2796 tipopolitanae
485 2688 673 2745 Diaconns
663 2706 697 2744 ιιι
719 2689 892 2745 Peraenesi.
934 2682 989 2765 ἐφ’
1007 2683 1086 2768 ἡμῖν
1113 2681 1279 2768 ἀνεδείχθη
1289 2692 1364 2790 τῆς

249 2769 375 2849 εὐζοίας
403 2770 422 2839 1
447 2767 572 2854 χρόνος,
603 2767 642 2834 iis
661 2771 790 2876 προειιτὲ
810 2793 856 2845 τις
876 2774 947 2842 cciv
959 2776 1097 2835 παλαιῶν
1120 2771 1261 2842 ἔσεσθαι,
1288 2793 1364 2837 οταν

248 2855 273 2942 ἢ
298 2854 467 2938 φιλόσοφοι
494 2850 764 2963 βοστλινσιοσιν“
742 2881 763 2937 η
794 2859 928 2938 βασιλεῖς
949 2850 1191 2937 φιλοσοφήσωσι
1232 2855 1285 2920 eci
1304 2853 1366 2963 peip

247 2948 492 3026 φιλοσοφοῦντες
513 2937 670 3022 η’ξιοίθητι
693 2944 862 3021 βασιλείας,
884 2939 937 3004 eui
959 2938 1192 3023 βασιλεύσαντες
1212 2936 1270 3009 crin
1292 2937 1368 3005 cini·

247 3051 335 3110 στητι
357 3030 551 3106 φιλοσοφίας.
598 3029 722 3087 Nostris
743 3027 930 3107 temporibus
958 3040 1111 3086 ostensum
1133 3039 1177 3086 est
1197 3049 1367 3107 prosperae

246 3118 331 3176 vitae
350 3125 488 3195 tempus‚·
518 3111 605 3192 quod
624 3111 787 3193 praedixit
815 3111 947 3193 quidam
970 3135 1004 3172 ex
1029 3112 1182 3173 veteribus
1200 3115 1365 3190 futurum,

247 3221 320 3260 cum
351 3201 402 3259 uel
426 3198 609 3279 philosophi
643 3209 830 3278 regnarent,
867 3198 917 3258 νιί
946 3220 1032 3279 reges
1056 3197 1366 3279 philosopharentur.

248 3288 333 3346 Nam
353 3280 605 3365 philosophando
628 3280 721 3362 digni
741 3283 845 3344 habiti
869 3304 962 3362 regno
989 3286 1079 3360 estis,
1102 3295 1130 3341 et
1159 3282 1327 3363 regnando
1342 3305 1363 3340 a
1379 3291 1403 3347 Ρ
1422 3291 1475 3347 164

240 3367 444 3452 philosophia
465 3387 526 3427 non
547 3364 729 3428 descivistis.
771 3370 850 3428 Tres
877 3379 944 3427 tum
973 3371 1053 3429 orbis
1079 3379 1229 3428 terrarum
1250 3367 1365 3436 habuit

246 3475 334 3534 reges
354 3451 561 3534 philosophos,
585 3453 806 3529 lastinianum,
833 3452 1004 3530 Chosroim,
1026 3452 1065 3512 de
1087 3457 1173 3514 onius
1193 3439 1362 3513 eruditione

245 3543 310 3620 agit
330 3538 478 3619 Agathino
498 3540 521 3598 1.
544 3541 565 3600 2
587 3549 618 3598 et
645 3537 893 3612 Theodahatum,
924 3543 972 3598 cni
1001 3537 1080 3597 lianc
1104 3536 1230 3598 laudem
1257 3539 1363 3601 tribuit

245 3629 410 3706 Procopius
437 3626 460 3692 1.
483 3627 501 3688 1
524 3624 723 3684 bell.Gotth.
753 3622 1001 3688 circinatio
1025 3625 1186 3684 Venite
1211 3625 1361 3704 iurispru-

246 3711 365 3786 dentis,
396 3731 456 3790 rpus
476 3720 631 3788 praeterea
653 3713 837 3771 lastinianus
858 3709 1009 3788 pollebat,
1035 3707 1171 3769 diximus
1195 3707 1288 3789 adp.
1307 3711 1361 3772 63.

245 3799 292 3856 De
319 3798 453 3856 musicae
482 3797 592 3874 peritia
620 3795 826 3876 Theophanes
853 3793 968 3874 profert
995 3795 1146 3854 Graecum
1165 3795 1359 3874 Troparinm,

245 3882 280 3942 id
301 3893 364 3956 est,
386 3879 553 3958 hymnum,
583 3901 677 3960 quern
698 3881 737 3942 de
755 3880 870 3942 Christi
891 3877 1051 3940 divinitate
1072 3892 1103 3939 et
1123 3882 1298 3939 oeconomia
1319 3875 1361 3936 ad

246 3927 466 4026 ecclesibsticos
485 3963 627 4026 modulos
649 3968 853 4040 concinnavit,
862 3961 1028 4047 hodieque
1050 3967 1158 4025 Graeci
1178 3974 1289 4024 canunt
1307 3962 1360 4020 in-

176 4067 179 4074 ·
245 4064 295 4111 ter
320 4057 482 4112 missarum
503 4052 661 4112 solemnia.
704 4053 948 4116 Architecturam
975 4055 1018 4112 ita
1045 4051 1192 4150 callebat,
1219 4059 1254 4108 nt
1273 4048 1358 4117 mul

247 4148 349 4198 torum
374 4137 581 4198 aedificiorum
612 4137 865 4220 ichnographies,
894 4150 927 4198 et
953 4135 1192 4217 sciagraphias'
1181 4154 1247 4213 ipse
1278 4131 1359 4192 deli·

247 4225 362 4298 nearit,
385 4235 417 4284 et
436 4220 563 4283 modum
584 4225 748 4286 artificibus
769 4226 1013 4305 praescripserit.
1042 4221 1080 4281 da
1099 4220 1214 4299 templo
1236 4230 1359 4278 sanctae

248 4306 398 4389 Sophiae,
427 4307 484 4368 de
482 4311 578 4390 regin
600 4303 727 4370 aedibus
747 4312 913 4370 Heraeanis
933 4319 966 4369 et
989 4317 1079 4391 portu
1098 4315 1227 4365 testatur
1245 4307 1359 4364 Proco-

250 4396 364 4476 pinel
387 4397 419 4459 1.
440 4393 551 4473 sedit,
579 4391 618 4457 de
646 4398 766 4459 civitate
786 4398 868 4456 Dara
897 4397 980 4472 b2,
1009 4392 1049 4455 de
1073 4393 1191 4474 templo
1220 4365 1360 4471 deiparae
