3125 4959
289 439 365 513 452
638 441 685 509 ΙΝ
710 440 819 508 HIST.
842 439 1038 507 lucensis

286 602 493 689 Theophanes
520 615 621 666 narrat
648 604 687 667 ad
707 625 822 666 annum
842 606 1002 667 lastiniani
1029 602 1220 707 telgesimum
1240 601 1389 708 quiutmn.

292 699 342 756 Ι
316 719 341 756 ω
365 692 399 756 δὲ
423 693 552 778 Μαρτίῳ
574 692 660 798 μηνί
670 691 931 797 ἐπανέστησαν
896 717 929 755 αι
959 692 1114 798 σῇολαί
1084 698 1127 756 soi
1150 685 1269 770 Κάρητι
1288 684 1390 751 circis

285 759 339 841 διά
354 800 441 852 τινας
461 756 669 857 συνηθείας“
648 802 685 853 τις
699 773 882 859 ἐλάμβανον,
903 776 956 840 sal
973 754 1181 854 caducum
1143 771 1247 850 αυτάς.
1289 776 1391 834 Messes

285 865 404 923 Martio
425 865 652 922 insurrexerunt
672 863 830 922 acisclae
817 885 850 922 m
872 883 966 921 saum
996 865 1132 921 camitem
1155 861 1193 919 ob
1215 861 1393 940 largitiones

287 945 441 1028 quasdam
461 958 623 1007 consuetae
643 949 705 1007 sibi
726 946 818 1026 dari,
839 969 919 1028 quae
939 949 1081 1006 sublatae
1092 948 1239 1027 suerunt.

371 1035 406 1091 P
431 1034 577 1107 12016·
620 1035 840 1138 Septenaalem,
863 1044 898 1092 at
917 1031 1121 1112 Anastasius]
1132 1030 1393 1179 §Procopiasl
1374 1031 1390 1091 1

286 1117 359 1176 bell.
380 1119 463 1179 Pers.
492 1111 609 1200 φόρους
634 1116 697 1199 γάρ
720 1143 792 1193 τους
818 1118 968 1192 ἐπετείους
994 1117 1025 1192 ἐς
1053 1114 1147 1216 ispi
1148 1140 1208 1179 asa
1229 1135 1333 1195 αφηιιε
1353 1116 1394 1213 τῇ

284 1196 386 1267 uites:
415 1203 537 1282 tributa
558 1201 712 1264 armaalio
734 1206 779 1263 ad
796 1208 982 1284 septennium
1004 1205 1109 1262 omnia
1129 1199 1250 1259 dimisit
1271 1220 1312 1258 οτι
1314 1199 1394 1258 stats

286 1284 419 1346 Amidae
440 1292 641 1350 Anastasius

369 1374 405 1430 P·
422 1373 543 1449 130,1.
580 1372 725 1433 ’ίιθαιιιίοο
745 1378 824 1432 usim
840 1372 1141 1451 poenaenostrae
1162 1366 1297 1447 arisque]
1318 1368 1394 1424 Pro·

284 1476 352 1538 cop.
374 1457 432 1521 t.1
455 1459 529 1518 bell.
549 1460 633 1520 Pers.
656 1469 741 1519 notat
762 1462 864 1520 solum
886 1459 1035 1536 templum
1056 1457 1151 1514 sasrcti
1175 1454 1325 1514 Βίιιιοοιιίε
1345 1453 1394 1508 in-

283 1544 411 1602 cedsum
431 1544 488 1603 sub
510 1542 631 1604 cabade
652 1546 758 1604 fuisse.

369 1630 406 1686 Ρ.
432 1634 501 1702 180,
525 1627 577 1693 14.
628 1628 686 1687 Ubi
707 1626 796 1684 miles
816 1628 980 1683 stationem
999 1623 1091 1683 habet
1111 1618 1307 1702 convehmds]
1327 1624 1395 1680 Nou

284 1712 424 1772 militaris
458 1732 597 1772 αοιιοιιιο
624 1712 820 1791 pensionem,
850 1707 905 1768 sed
936 1706 1080 1787 exigendi
1108 1706 1246 1767 modum
1265 1705 1395 1765 subditis
1522 1744 1524 1759 .

284 1799 489 1876 perniciosum
512 1794 635 1855 damnat
654 1799 780 1874 Procop.
824 1794 906 1853 Sene
928 1796 1097 1874 strperiores
1116 1796 1314 1874 imperatores
1334 1810 1399 1851 nou

283 1886 328 1938 lta
349 1879 486 1941 subditos
508 1883 700 1983 oppressisse,
722 1889 849 1939 testatur
869 1879 1044 1938 Liburnus
1035 1899 1068 1936 ιιι
1086 1881 1175 1958 epist.
1198 1874 1238 1935 ad
1259 1880 1396 1935 Aristae-
1523 1874 1525 1879 ’

285 1974 403 2023 netum.
446 1961 588 2071 Σταθμῇς
606 1989 652 2040 τις
669 1964 731 2029 ἐστὶ
752 1960 872 2045 περί
841 1987 893 2027 τον
905 1957 1079 2069 Εάφράτην
1094 1958 1317 2035 nauteam*
1297 1983 1397 2042 oropo

287 2044 379 2136 crispi.
423 2055 512 2113 τοῦτο
532 2046 567 2114 τί
587 2050 701 2157 χωρίον
722 2048 780 2129 ἔχει
801 2044 944 2130 στρατιάν
966 2043 1185 2154 ίίρυμίνηνᾎ
1162 2071 1204 2124 ην
1225 2048 1275 2110 dri
1280 2045 1397 2154 τρέφε·

175 2145 270 2202 310]
286 2141 361 2198 σθαι
383 2130 460 2215 πρὸς
479 2133 568 2216 η’μοῖν
591 2129 648 2200 ονίι
669 2133 764 2199 ἐκεῖσε
785 2131 986 2213 κομιζόντων,
1016 2126 1086 2196 ἄλλ’
1105 2127 1288 2238 ίτίρτισε
1251 2155 1309 2212 την
1331 2154 1396 2238 rop-

283 2214 359 2299 φῇν.
402 2216 524 2283 ίντεῖθεν
550 2217 585 2284 di
612 2222 657 2295 τίς
677 2216 906 2283 Καλλίνικον”
885 2241 972 2300 αγειν
991 2215 1087 2298 νόμος
1112 2212 1212 2282 riv*
1190 2241 1322 2320 apporta
1344 2239 1397 2279 τον

282 2302 353 2386 aspi
373 2299 426 2367 ’τὸν
430 2297 626 2387 Εὐφράτην.
668 2308 746 2364 Nam
769 2306 914 2363 alimenta
934 2323 989 2386 pro
1011 2304 1160 2363 militibus
1182 2307 1235 2385 qui
1257 2302 1395 2361 callinici

284 2391 447 2450 stationem
468 2388 631 2467 hebebant,
652 2388 872 2471 Euphratesiae
892 2389 1062 2472 praefectus
1083 2409 1101 2448 a
1122 2389 1252 2450 subditis
1273 2397 1396 2468 accepta

284 2475 469 2533 Callinicum
490 2474 685 2552 convehenda
707 2477 840 2534 curabat.

178 2567 273 2624 [³168
373 2558 409 2615 Ρ.
433 2560 506 2632 130,
528 2561 580 2625 15.
622 2562 785 2619 Exercitus
806 2555 993 2639 optionibus]
1015 2559 1110 2617 Erant
1130 2541 1161 2617 et
1181 2559 1319 2638 optiones
1341 2555 1397 2615 do-

286 2642 423 2718 mestici,
452 2662 582 2724 quorum
603 2646 744 2702 meminit
763 2645 972 2723 Procopiusl.
998 2647 1012 2705 1
1036 2643 1110 2701 bell.
1131 2643 1230 2704 Vand.
1253 2639 1311 2716 Ὃς
1332 2641 1395 2706 bst-

312 2731 403 2795 eirico
424 2732 479 2808 τῆς
498 2729 570 2812 περί
590 2725 648 2809 τῇν
670 2728 772 2792 οἰκίαν
793 2727 947 2809 δαπάνης,
977 2722 1113 2792 datiano
1136 2733 1245 2793 τοῦτον
1269 2731 1398 2791 καλοῦσι

284 2754 441 2894 1ίόηιοιῖοι.
474 2818 529 2894 qui
549 2815 765 2892 familiarium
794 2834 993 2894 expensarum
1020 2833 1129 2872 curam
1146 2815 1288 2894 gerebat,
1316 2814 1398 2871 leuna

286 2899 425 2958 Romani
445 2902 595 2978 optionem
617 2911 737 2960 vocant.
779 2901 940 2960 Exercitus
961 2901 1120 2980 cptionum
1145 2897 1324 2978 dignitatem
1344 2899 1400 2955 Ni-

287 2984 390 3044 colnus
410 2985 678 3065 Pepagomenus
668 3005 701 3043 ιιι
728 2988 912 3067 panegyrico
938 2986 1036 3044 sancti
1059 2982 1167 3042 Isidori
1190 2980 1339 3057 declarat,
1368 2992 1399 3042 et

288 3070 325 3126 ab
354 3071 527 3170 optionibus
556 3070 621 3129 fisci
643 3067 818 3149 distinguit,
846 3074 889 3128 sic
913 3069 997 3128 euim
1022 3069 1066 3125 ibi
1086 3065 1252 3146 legendum
1276 3069 1399 3147 φίσιιον,

286 3172 349 3212 non
370 3148 475 3227 φάσιν.
517 3156 564 3213 De
587 3155 759 3234 optionibus
781 3156 933 3212 exercitus
956 3151 1026 3212 vide
1048 3154 1201 3212 novellam
1225 3156 1296 3218 180.

181 3241 273 3299 vato
373 3239 411 3295 Ρ.
432 3241 509 3311 180,
534 3242 584 3303 16.
626 3238 792 3296 Amsonam
810 3237 894 3297 learse
913 3259 975 3296 rem
997 3260 1074 3318 appe
1074 3239 1169 3318 llant]
1200 3236 1375 3299 Mendosc
1364 3257 1399 3296 su

289 3324 404 3427 Graepo
418 3318 513 3380 habes
529 3320 663 3402 συνωνη
684 3333 719 3380 ut
740 3320 827 3404 adp.
844 3326 885 3388 98
902 3326 1087 3384 monuimus.
1130 3327 1191 3383 Nos
1205 3344 1298 3406 quem
1319 3333 1399 3382 recte

289 3401 433 3469 cimoivau
453 3408 609 3487 legamus,
641 3406 744 3467 ridere
767 3419 813 3468 est
834 3428 874 3467 ex
900 3409 1022 3470 novella
1044 3409 1106 3472 130
1135 3409 1188 3468 ubi
1214 3411 1398 3469 lastinianus

289 3492 327 3551 de
350 3490 438 3550 bac'
428 3512 495 3572 epse
516 3513 549 3551 re
571 3497 643 3573 agit.

372 3580 408 3634 P.
426 3582 496 3652 131,
512 3579 543 3642 5.
588 3581 748 3657 impositio
764 3575 918 3657 quaedam
930 3588 974 3636 eet
989 3579 1116 3638 relati
1103 3579 1273 3658 improvisa
1289 3576 1398 3658 pestis]

287 3665 403 3722 Graece
418 3674 463 3721 est
476 3659 615 3744 ἐπιβολῇ.
659 3661 739 3735 Quid
756 3663 810 3720 illa
828 3666 876 3737 sit,
899 3667 967 3744 quis
990 3666 1055 3725 eius
1076 3674 1173 3736 autor,
1196 3681 1313 3745 quaeve
1334 3665 1398 3724 eius

288 3746 493 3807 instituendae
508 3751 636 3821 occasio,
651 3748 802 3807 Simeonis
815 3747 1036 3828 Metaphrastse
1050 3751 1134 3810 locus
1148 3747 1290 3824 declarat,
1328 3767 1397 3808 uem

287 3830 427 3893 nondum
445 3791 650 3892 iurisconsulli
671 3831 822 3892 viderunt.
865 3832 946 3896 Δι’
909 3859 963 3915 μσς
983 3834 1064 3916 ὁμοῦ
1083 3833 1137 3896 καί
1151 3830 1262 3936 impie,
1282 3857 1321 3896 τα
1341 3828 1398 3898 du'c

289 3942 384 3981 ταντα
404 3914 500 3993 κακά,
528 3914 629 3979 sai’
608 3923 745 4024 preceptis
766 3916 880 3998 ὁμοίως
907 3918 1064 4000 δυνάμενα
1089 3916 1150 3981 τισί
1169 3922 1231 3982 τοῖν
1251 3917 1398 4001 κειμένων

255 4027 257 4032 ’
288 3998 352 4063 eiad
370 4026 407 4106 τῇ
396 3998 622 4083 Ῥωμαίων’
601 4027 678 4089 αρχη
667 4005 821 4104 χωρίων
842 4001 1046 4107 ἐνσκήψαντα,
1068 3999 1199 4090 ιτολλους
1219 4002 1276 4085 μὲν
1295 4006 1398 4110 ρίιιορς

291 4085 466 4185 tropeum
487 4087 632 4164 ίκίυωσε,
661 4084 767 4170 κώμας
790 4084 824 4151 δὲ
845 4083 920 4164 ολας
939 4086 991 4151 καί
1013 4091 1184 4168 συνοικίας,
1212 4084 1309 4151 sal'
1287 4111 1399 4173 oppone

290 4167 426 4251 ἐρήμους
446 4177 510 4236 τοῖν
532 4169 702 4238 οίιιοάντων
723 4168 891 4280 εἰργάσατο.
934 4170 1157 4281 Σιεψάμενοι
1148 4175 1256 4237 τοίνυν
1277 4176 1311 4238 oi
1337 4177 1398 4236 τοῖν

293 4261 406 4361 κρινεῖν
421 4256 618 4365 ἐπιμεληταί,
641 4253 680 4321 osi
699 4255 762 4340 μὴν
784 4253 860 4322 άλλά
881 4258 933 4321 καί
955 4256 1095 4338 βασιλεάς
1115 4254 1221 4336 uritis,
1249 4253 1336 4334 ὅπως
1355 4282 1396 4338 μη

294 4334 327 4401 τά
349 4338 450 4403 κοινὸν
471 4367 544 4418 τους
566 4338 609 4408 δι’
631 4344 717 4418 ἔτους
738 4343 863 4408 ἐκείνων
885 4339 1004 4423 φόρους
1030 4348 1184 4431 ζημιωθῇ,
1212 4346 1398 4424 ψηφίζονται

293 4445 366 4496 τους
387 4423 614 4512 πλησιοχώρους
632 4429 683 4495 καί
705 4422 783 4494 αάτά
804 4452 842 4492 τα
834 4425 976 4511 ίκτριβί
977 4453 1055 4494 urar
1075 4429 1145 4512 τίλη
1165 4428 1218 4495 sai
1233 4427 1398 4511 οἰχομένων
