3125 4959
567 401 713 469 NOTAE
730 401 960 471 mansum.
1246 399 1324 475 407

215 576 288 625 runt
307 569 342 626 ιἰι
365 563 561 624 Christianos
582 563 716 626 eiusdem
739 569 891 642 civitatis,
914 576 943 626 et
963 567 1077 626 multoe
1099 566 1322 646 interficertmt,

215 662 244 708 et
274 651 416 708 ecclesias
448 650 687 714 combusserunt.
729 653 977 734 Stephanumque
1000 649 1192 733 praesectum
1223 655 1323 732 ipsine

214 734 301 794 urbia
322 737 356 792 ιἰι
372 739 531 813 praetorio
548 750 755 816 peremerunt,
788 749 817 797 et
844 737 1048 797 substantiam
1073 743 1140 797 eiua
1161 742 1322 818 semipue-

213 831 297 880 rnnt.
347 821 428 879 Uxor
449 842 516 880 vero
539 823 628 882 illiue
649 823 815 884 ascendens
837 822 883 881 ad
901 821 1022 898 urbem,
1049 821 1132 882 adiit
1152 826 1321 903 imperato·

212 925 290 982 rem,
319 908 380 984 qui
405 907 498 965 iussit
519 905 718 968 Adamantia
746 913 898 989 magistro
924 908 1062 966 militum
1082 907 1298 968 descendere
1285 930 1321 969 ιιι

211 990 427 1049 Palaestinam
455 1002 484 1050 et
512 994 693 1054 occisionem
721 998 875 1074 exquirere
901 993 1066 1096 Stephani,
1095 1005 1154 1052 etc.
1196 997 1231 1053 ln
1260 990 1320 1054 hac
1443 1005 1446 1010 ’

212 1073 435 1153 expeditione
425 1089 589 1156 imperator
610 1079 668 1138 fnit
680 1077 894 1152 Adamantius,
916 1082 949 1136 iu
969 1079 1068 1157 priore
1088 1079 1143 1136 ills
1157 1080 1319 1138 Irenaeum

210 1158 376 1219 Pentadius
391 1160 596 1242 Theophanes
607 1175 764 1240 memorat,
787 1166 918 1243 cyrillus
928 1161 1195 1249 scythopolitanus
1209 1163 1318 1222 Theo·

212 1241 321 1303 dorum
341 1257 371 1302 et
391 1248 547 1306 loannem.
591 1246 654 1308 sed
675 1246 784 1324 huius,
809 1259 914 1328 utpote
944 1242 1081 1307 eiusdem
1112 1248 1219 1306 aetatis
1240 1250 1318 1306 scri·

211 1333 316 1408 ptorIs,
337 1332 486 1410 integram
508 1330 612 1391 audire
634 1336 836 1392 narrationem
857 1344 1004 1413 praestat,
1032 1349 1126 1412 quam
1152 1352 1170 1389 e
1197 1334 1318 1411 scriptis

209 1415 362 1474 Vaticanis
382 1417 468 1476 libris
487 1415 702 1497 decerpsimus
747 1418 788 1481 Οί
807 1415 883 1481 nard
904 1419 1110 1518 Παλαιστίνην
1131 1420 1319 1522 Σαμαρεῖται

209 1494 244 1562 τό
265 1497 401 1574 &inoff
380 1525 463 1566 απαν
478 1525 555 1566 κατα
577 1506 640 1565 τῶν
657 1507 849 1583 Χριστιανῶν
871 1495 1102 1582 aventinense
1122 1497 1218 1564 πολλὰ
1240 1495 1318 1564 itt·
1411 1508 1416 1516 '

209 1605 281 1661 μιτα
301 1578 530 1662 διαιτραξαντις,
551 1610 606 1660 τας
625 1584 681 1666 μίν
693 1588 764 1667 ίμιιι
766 1584 900 1661 modone
906 1587 1078 1689 ἐκκλησίας
1090 1582 1316 1690 mauriennense,

208 1663 283 1742 rotie
302 1663 335 1728 δὲ
357 1669 583 1747 συμπίπτοντας
598 1667 802 1769 Χριστιανσυς
822 1666 982 1750 διαφόροις
1003 1666 1163 1734 κολόσεσιν
1182 1664 1319 1748 αφειδιδς

208 1743 451 1828 αίιτοιτείνοντες,
480 1751 531 1815 καλ
560 1755 654 1852 χοιρία
675 1747 825 1854 ὁλόκληρα
845 1758 887 1838 τῷ
913 1753 989 1835 πυρί
1015 1750 1250 1853 παραδιδόντες,
1281 1753 1316 1817 ίν

207 1841 273 1910 τοῖς
299 1831 427 1916 μαλιστα
455 1836 524 1918 περὶ
547 1833 702 1900 Νεόκολιν
721 1831 842 1914 τόποις,
865 1817 950 1900 ἔνθα
971 1859 1221 1942 τυραννησαντις
1238 1837 1319 1901 lorr-

209 1934 278 1999 ψαν
298 1919 417 1996 ἑαυτοῖς
437 1921 559 2002 βασιλία
577 1915 739 1986 Ἰουλιανόν
759 1945 828 1984 τινα
849 1919 1004 1985 σόνεθνσν
1023 1915 1135 1984 αιίτοῖν.
1181 1918 1253 1984 Tire
1275 1917 1318 1983 δ’

209 2002 264 2068 τδν
290 2003 345 2106 μὲν
366 2006 532 2070 ἐπίσκοπον
554 2003 736 2082 Νεαπόλειις
758 2011 916 2110 Σαμμιονᾶ
935 2005 1144 2084 κατίσφαξαν,
1172 2028 1259 2080 τινας
1282 1946 1317 2107 dd

210 2085 429 2197 συλλαβόμενοι
448 2091 679 2199 πρεσβυτέρους,
699 2090 752 2155 nol
771 2087 899 2168 τούτους
917 2087 1146 2168 κατακόψαντες
1166 2083 1313 2171 είπετηγαί-
1330 2098 1423 2160 Vidi

131 2251 136 2258 ,
209 2194 300 2239 νισαν
318 2198 392 2255 μετα
413 2173 569 2251 λειυοίυιιν
585 2175 687 2283 clyton
707 2171 878 2284 μαρτιίριιν,
898 2177 953 2240 καλ
971 2173 1069 2240 πολλὰ
1085 2179 1211 2239 τοιαῦτα
1231 2171 1317 2239 δειναί

208 2257 427 2338 πεποιήκασιν,
454 2257 530 2324 ὅστε
555 2256 611 2334 τας
632 2258 790 2362 βασιλικός
810 2261 998 2338 καλουμένας
1018 2259 1110 2336 δδους
1131 2255 1318 2366 α’διαβαίτους

207 2351 274 2420 τοῖς
302 2349 542 2447 Χριστιανοῖςη
542 2343 677 2409 ενίσθαι.
724 2341 848 2410 Τοιίτιιν
876 2339 935 2411 στίν
966 2342 1112 2411 απόντοιν
1144 2340 1241 2419 εἰς’
1221 2342 1319 2421 assde,-

207 2425 408 2494 είσελθόντυν
428 2454 482 2494 του
505 2372 767 2537 ειίσεβεστιὶτου’
743 2436 834 2513 ημῶν
856 2430 1002 2536 βασιλίμς
1020 2426 1236 2496 ’ίσυστινιανου
1256 2431 1317 2493 tne-

206 2510 366 2594 λτόθησαν
388 2511 544 2600 Θεόδωρος
564 2516 617 2579 καί
636 2510 778 2598 Ἰοιοίννης
806 2540 837 2580 οι
828 2513 1050 2592 ἐνδοξότατοι
1078 2511 1203 2597 στρατόν
1225 2534 1317 2579 συνα-
1330 2527 1423 2588 rm

205 2605 322 2682 μεῖραι,
350 2599 403 2663 καλ
423 2605 485 2664 sair
507 2606 704 2683 Σαμαρειτῶν
724 2599 1073 2709 incriminarunt
1094 2602 1248 2680 συμβολῆς
1268 2622 1318 2684 με·

206 2678 379 2763 muhnr'
358 2707 438 2768 ανηρ
440 2684 500 2764 ἔθη
519 2679 678 2762 Ἰουλιανός
697 2685 750 2749 καλ
770 2691 892 2767 πλῆθος
912 2682 992 2750 πολν
1012 2690 1219 2766 Σαμαρειτων.

293 2770 329 2826 Ρ
347 2767 399 2842 75,
424 2771 474 2832 10.
516 2771 765 2849 Designatoque
770 2772 832 2829 sits
853 2775 1036 2850 imperatore
1054 2769 1193 2848 Iuliano]
1221 2770 1322 2831 Sicuti.

207 2855 375 2914 nealtarum
395 2855 532 2932 gentium
559 2872 577 2911 a
605 2873 638 2913 se
658 2855 887 2956 profligatorum
906 2858 1032 2913 nomina
1053 2856 1111 2913 sibi
1132 2856 1317 2915 lastinianus

207 2941 324 3015 ascivit,
345 2940 388 2997 ita
410 2949 439 2997 et
461 2940 525 2997 eius
543 2941 674 3018 tyranni,
696 2949 731 2998 ut
751 2937 900 2998 habesin
921 2937 1019 2997 edicto
1041 2939 1188 3016 septimo,
1209 2940 1316 3015 imper.

210 3024 297 3088 Caes.
319 3024 409 3084 Flac.
429 3024 643 3101 lastinianus,
668 3023 811 3086 Aleman.
843 3022 949 3085 Geren.
971 3023 1086 3082 Franc.
1110 3023 1211 3081 Germ.
1235 3024 1316 3085 Ant.

206 3108 304 3172 Alan.
326 3105 428 3168 Vand.
451 3109 536 3189 Affr.
577 3112 675 3186 Pius,
693 3109 783 3186 felix,
804 3109 949 3188 inclytus,
969 3111 1078 3185 victor,
1097 3106 1318 3186 triumphator,

206 3211 323 3270 semper
342 3192 527 3269 Augustus,
559 3193 715 3256 Iulianus.
757 3196 871 3252 Parum
891 3191 950 3252 hoc
971 3189 1184 3252 anirnadrertit
1205 3195 1317 3250 Heari-

208 3297 261 3336 cns
281 3277 451 3356 Agylaeus,
478 3277 528 3333 vel
552 3281 692 3357 quisquis
711 3280 789 3338 alius
810 3277 851 3336 ad
870 3280 959 3336 illam
979 3279 1206 3355 inscriptionem
1225 3288 1317 3336 uota·

206 3365 272 3421 vitt
306 3358 398 3441 Quod
424 3359 487 3419 Iul
475 3379 567 3418 ianus
600 3360 651 3418 his
680 3359 848 3436 adiicitur,
878 3364 1024 3419 vitiosum
1051 3359 1182 3422 iudicio.
1234 3366 1317 3420 Num

207 3443 418 3528 (quodmodo
440 3443 598 3523 succurrit)
626 3443 669 3501 ibi
690 3445 874 3504 lastinianus
896 3445 1031 3503 rescribit
1054 3443 1173 3507 Iuliano
1192 3447 1316 3524 praefe-

208 3543 256 3591 cto
277 3528 450 3613 praeterint
481 3529 519 3589 de
547 3550 621 3611 quo.
619 3549 685 3588 nos
713 3529 793 3588 infra
817 3527 856 3586 ad
885 3550 916 3609 p.
939 3533 992 3592 92
1035 3529 1180 3589 octavius
1197 3548 1214 3584 a
1235 3531 1316 3587 Ros-

206 3617 283 3695 berg
304 3617 416 3694 profert
436 3614 526 3676 huius
547 3616 657 3674 iuliani
672 3616 833 3696 antiquum
850 3616 1017 3689 nomisma3
1040 3612 1096 3674 sed
1116 3614 1317 3689 allucinatur,

206 3721 281 3760 uam
300 3702 409 3759 Iuliani
431 3705 593 3780 Apostatae
621 3698 654 3758 id
682 3719 748 3759 esse
776 3721 848 3758 cum
877 3702 994 3784 reliqua
1020 3700 1122 3760 onmia
1152 3697 1315 3776 declarant,

206 3797 277 3846 tum
305 3804 409 3843 aversa
435 3787 627 3846 nomismatis
654 3786 747 3845 facies
776 3787 938 3864 gentilium
965 3787 1134 3845 simulacris
1161 3785 1314 3861 insignita,
1330 3796 1408 3854 359

206 3881 240 3931 at
260 3880 365 3930 votum
388 3864 519 3948 Qtlralae
545 3873 688 3931 Turritae
709 3891 743 3930 ac
764 3869 897 3930 Palladi
916 3881 1135 3952 nuncupatum.

293 3953 396 4028 P·‚75
423 3959 472 4020 17
514 3957 682 4016 Ειοιιίοιια
701 3957 788 4015 nullo
809 3956 1020 4014 humanitatis
1039 3952 1129 4014 modo
1150 3952 1315 4032 imperata]

206 4041 276 4101 Non
297 4039 454 4099 dissimulo
469 4041 576 4119 cyrilli
588 4040 841 4122 Scythopolitani,
864 4044 919 4122 qui
939 4040 1016 4101 haec
1036 4059 1113 4121 pene
1134 4035 1221 4112 vidit,
1241 4056 1315 4095 nar·

207 4127 358 4184 rationem
378 4125 469 4204 plane
491 4130 681 4186 contrariam.
724 4130 753 4186 ls
777 4127 868 4186 refert
889 4129 1005 4206 primas
1025 4124 1230 4198 Palaestinae,
1259 4121 1313 4181 ubi

208 4212 406 4314 potissimum
423 4211 668 4271 Samaritarum
658 4213 790 4271 incursio
813 4210 1008 4286 desaevierat,
1029 4204 1147 4273 δυόδεκα
1167 4230 1314 4286 κεντηνα-

209 4295 285 4375 ρίαν
306 4289 494 4376 συγχιόρησιν
513 4290 693 4376 ἐποιήσαντο
710 4297 880 4397 δημοσίων,
901 4294 1062 4363 duodecim
1074 4295 1316 4352 centenariorum

209 4379 397 4461 republicis
418 4381 621 4483 vectigalibus
640 4384 847 4444 remissionem
861 4383 987 4462 factam
995 4381 1118 4462 fuisses
1137 4376 1395 4460 scythopoli
