3125 4959
270 419 374 496 too
618 421 664 490 m
689 394 799 492 ms‘r.
824 379 1020 494 mamm
1115 525 1118 530 ¹

269 589 337 649 cibo
353 585 518 668 abstinuit]
541 590 648 648 Narrat
668 587 751 648 idem
766 591 863 649 fusius
880 588 1005 665 ibidem,
1027 584 1155 672 eamque
1167 589 1263 650 inisse
1276 589 1374 650 morbi

270 694 393 732 oausam
415 677 535 749 asserit,
558 672 596 732 de
619 694 678 758 quo
700 695 755 734 nos
779 680 897 755 egimus
917 674 998 755 adp
1001 676 1084 739 ..43

353 763 388 818 Ρ.
410 762 466 832 87,
489 760 519 823 5.
569 755 686 818 Horam
708 781 813 819 somno
835 758 950 819 indute
924 759 1020 840 gene]
1047 759 1168 819 Ibidem
1193 756 1253 818 hoo
1283 760 1375 819 etiam

267 853 341 922 tang
343 846 366 902 it
387 845 561 923 Procopius,
584 839 690 924 uitiis)
710 842 769 928 peip
791 849 854 908 τοῖν
874 849 994 912 νυκτῶν
1015 843 1059 918 εἷς
1078 847 1184 925 κοίιην
1203 842 1259 907 iaiv
1277 845 1375 921 ἐξανί·

269 948 357 991 σιατο
380 924 488 991 αὐτίκα
510 924 600 1008 μάλα,
623 925 724 1013 ὥσπερ
747 934 881 1015 χαλεπῶς
906 931 980 1009 ἔχων
1008 934 1073 1002 τοῖς
1093 928 1254 1011 σιροίμασι.
1297 934 1375 989 Ροιι

268 1014 400 1070 multam
423 1024 538 1072 noctem
558 1015 698 1072 cubitum
724 1018 800 1091 ivit,
808 1006 985 1094 pauloque
1000 1026 1074 1094 post
1101 1020 1248 1090 sumsit,
1281 1018 1376 1094 quasi

269 1098 366 1156 cubili
342 1097 479 1178 liudig
461 1110 580 1160 enatus.
624 1103 706 1158 Haeo
728 1099 766 1159 de
790 1103 921 1179 elgiiiis,
947 1112 1037 1181 utque
1057 1101 1177 1157 ieiuniis
1197 1101 1241 1157 ibi
1261 1103 1376 1160 Proco-

180 1188 252 1241 trs
269 1185 338 1262 pins
359 1184 426 1241 fuse
448 1189 539 1264 atque
559 1186 737 1259 luculenter,
760 1184 842 1266 qnod
856 1188 1038 1266 Iustiniana
1045 1195 1163 1262 gratum
1185 1183 1218 1241 id
1239 1186 1377 1244 futurum

162 1273 183 1321 V
200 1272 250 1328 ³67
269 1289 330 1325 non
352 1267 519 1342 dubitaret,
542 1289 612 1328 οιιιιι
632 1270 665 1328 id
686 1273 751 1348 ipse
772 1273 909 1351 saepius,
932 1282 962 1329 et
983 1271 1140 1328 ambitiose
1161 1279 1293 1348 repetat3
1315 1291 1376 1329 no-

269 1355 341 1410 velt.
361 1357 392 1416 8.
438 1355 549 1414 Omnes
568 1355 656 1413 nobie
675 1354 750 1430 dies,
771 1377 811 1414 ac
834 1368 935 1415 noctes
957 1358 1109 1436 contingit
1130 1375 1201 1412 eum
1221 1357 1304 1412 omni
1324 1357 1376 1412 ui-

266 1439 407 1518 gilantia
429 1450 458 1499 et
478 1441 663 1520 cogitatione
684 1439 806 1521 degere,
836 1453 894 1500 eto.
945 1443 989 1501 Et
1009 1461 1070 1498 ιιοπ
1090 1443 1123 1499 in
1144 1460 1223 1497 uana
1244 1441 1375 1519 uigiliae

269 1521 430 1604 ducimus,
458 1523 514 1583 sed
532 1528 566 1584 in
586 1525 769 1585 huiusmodi
795 1547 847 1585 eae
874 1525 1070 1605 expendimus
1091 1526 1239 1600 consilia,
1262 1545 1377 1603 perno-

269 1619 404 1686 ctantes,
434 1620 462 1669 et
483 1611 625 1670 noctibus
648 1611 705 1672 sub
728 1613 920 1693 aequalitate
941 1611 1062 1670 dierum
1082 1621 1227 1670 utentes.
1250 1612 1291 1669 Et
1318 1630 1376 1669 no·

269 1695 349 1752 vella
371 1699 423 1760 80
454 1697 559 1776 Neque
589 1699 756 1778 quicquam
777 1695 980 1756 detrectamus
1008 1716 1129 1771 eorum,
1156 1717 1235 1775 quae
1257 1695 1308 1754 vel
1332 1693 1379 1753 ad

270 1791 432 1838 extremam
454 1773 637 1862 pertinguni
664 1781 900 1862 difficultatem:
930 1783 1052 1862 uigiliis
1077 1742 1176 1838 eirieul
1201 1791 1228 1840 et
1255 1777 1377 1859 inediis,

160 1865 253 1923 Pttt
270 1868 454 1946 caeterisque
475 1867 634 1926 laboribus
662 1870 776 1948 iugiter
799 1889 859 1948 pro
881 1866 1015 1925 subditis
1036 1869 1151 1925 nostris
1172 1867 1260 1924 ultra
1281 1887 1378 1946 quam

267 1962 400 2008 naturae
414 1949 523 2009 modus
531 1955 666 2032 patitur,
689 1964 813 2013 utentes.
855 1956 962 2013 Nescio
978 1955 1047 2034 quis
1064 1954 1147 2011 illius
1165 1954 1270 2009 aetatis
1287 1959 1377 2029 poe'ta

268 2028 435 2114 ἀκοίμητον
465 2035 568 2116 βιισιλὲ
569 2061 604 2112 α,
631 2041 843 2117 imperatorem
867 2042 1033 2097 insomnem
1060 2039 1262 2095 lastinianum
1288 2035 1376 2112 dixit,

267 2130 303 2178 ut
324 2132 369 2179 est
390 2123 423 2178 iu
450 2125 685 2201 epigrammate,
693 2122 792 2204 quod
813 2145 903 2204 snpra
925 2122 966 2181 ad
987 2144 1017 2203 p
1009 2124 1076 2196 att
1100 2121 1250 2180 dedimus

353 2207 389 2263 P·
412 2209 463 2280 87,
488 2207 538 2268 13.
583 2208 684 2267 Nulla
705 2208 949 2288 rehu-sagenam
970 2218 1037 2266 erat
1057 2210 1287 2287 opportunitas,
1306 2205 1378 2262 nul-

266 2290 334 2348 lum
355 2293 520 2366 uestigium
542 2293 754 2371 antiquitatis]
777 2297 828 2350 Ex
850 2292 898 2350 his
920 2290 997 2348 ittud
1018 2294 1111 2348 etiam
1133 2301 1188 2363 est,
1211 2288 1294 2368 quod
1314 2299 1376 2346 sta-

266 2377 324 2432 tim
345 2373 464 2451 subdit,
493 2373 600 2456 eainde
620 2379 684 2434 iam
706 2376 798 2434 turba
810 2377 960 2456 frequens
981 2375 1142 2452 compleuit
1165 2374 1305 2431 tribunal
1318 2393 1377 2452 po-

265 2461 426 2535 stulatura
448 2463 670 2539 quaestionem,
691 2460 746 2519 sed
765 2459 853 2541 apud
871 2482 947 2541 quos
967 2457 1086 2516 iudices
1106 2461 1294 2532 institueret,
1315 2478 1375 2515 παπ

265 2546 387 2606 lrabuit
431 2547 551 2601 Haeo
542 2565 574 2601 m
605 2544 721 2606 theatro
750 2566 822 2625 mag
823 2548 870 2604 nis
900 2544 1081 2602 clamoribus
1103 2545 1269 2601 Iustiniana
1290 2543 1374 2621 plebs

266 2629 506 2730 improperabat.
544 2631 599 2687 Est
614 2628 695 2707 apud
711 2629 944 2733 Theophanem,
966 2648 1067 2734 ηαοιιι
1080 2648 1170 2708 supra
1186 2627 1375 2730 laudavimus

185 2777 187 2782 ,
268 2713 365 2794 adp.
391 2713 444 2776 56.
471 2708 563 2795 λόγον
584 2711 717 2817 ἕχρνιις,
740 2707 951 2819 ανίοκράιορ,
969 2707 1200 2792 ὅνομᾶζομιν”
1178 2732 1257 2788 αρτι
1267 2709 1376 2778 πάντα.

267 2803 330 2862 ποῦ
351 2796 495 2875 ἐστινςρ
471 2805 560 2878 ημιῖς
583 2792 641 2901 op'u
664 2798 805 2880 οἴδαμεν,
827 2792 951 2861 oo'di
920 2821 954 2860 eo
973 2793 1131 2871 aaiieeor,
1155 2792 1376 2878 τρισαύμονσιε,

268 2879 343 2948 ov'di
363 2885 514 2959 πολιτείας
534 2878 722 2956 κατάστασις.
769 2885 999 2963 Quaestionem,
1019 2884 1196 2962 imperator,
1217 2882 1376 2981 habemus,

267 2969 396 3049 ideoque
415 2972 521 3028 omnia
536 2969 587 3027 Iu'a
604 2969 779 3048 loquimur.
801 2967 1060 3050 quandoquidem,
1082 2968 1227 3048 Auguste
1240 2971 1378 3042 maxime,

267 3076 364 3134 neque
384 3058 497 3135 curiae,
517 3075 613 3136 neque
634 3054 819 3136 reipublicae
835 3053 1019 3135 dignitatem
1039 3053 1138 3112 ullam
1159 3074 1312 3134 superesse
1331 3055 1380 3121 ui-

268 3138 385 3198 demua.
1199 3142 1202 3147 ’

353 3228 389 3283 Ρ.
411 3227 464 3300 87,
488 3223 539 3291 15.
584 3223 678 3284 Nihil
696 3221 781 3306 quod
801 3225 1030 3304 imperatoriam
1055 3219 1169 3282 deceret
1191 3225 1380 3281 maiestatem

266 3311 318 3372 νιί
336 3309 458 3383 babuit,
479 3311 530 3368 uel
549 3309 684 3391 curavit]
707 3313 753 3370 De
775 3308 833 3370 hoa
855 3321 1033 3390 argumento
1052 3310 1209 3389 complura
1230 3306 1282 3366 hia
1303 3327 1379 3364 erin-

266 3406 365 3455 merat
387 3397 570 3474 Procopius3
601 3395 657 3454 sed
685 3397 775 3475 louge
803 3396 928 3475 plura
919 3416 952 3453 ιιι
973 3397 1091 3475 reliqua
1113 3393 1254 3465 historia,
1287 3411 1379 3472 quam

267 3480 370 3540 eidem
390 3483 556 3540 iustiniano
570 3478 748 3560 legendam
762 3479 906 3555 tradidit,
936 3500 976 3538 ex
996 3482 1102 3539 miritis
1124 3498 1218 3537 ιιιιιιιιι
1240 3479 1379 3535 recitasse

267 3569 308 3626 sit
330 3568 404 3625 satis
426 3566 509 3624 exl.
532 3566 650 3626 2bell.
672 3569 756 3626 Pers.
783 3569 892 3628 τοῦτον
913 3562 1085 3671 pietatem
1100 3557 1290 3670 Ἰσδιγαόναν
1310 3556 1379 3624 'Iov
1471 3568 1475 3576 '

267 3647 419 3723 σιινιανός
432 3646 572 3752 βασιλεύς
589 3646 717 3730 μάλιστα
731 3648 931 3756 πρέσβεων’
909 3645 1065 3723 atrimae,
1088 3640 1133 3709 aiv
1154 3648 1268 3726 ἰ’σμεν,
1274 3646 1331 3723 ξύν
1348 3668 1379 3710 τι
1435 3697 1438 3704 .
1531 3684 1532 3727 η

266 3741 366 3823 πολλῇ
389 3729 606 3840 φιλοφροσύνῃ
629 3729 707 3809 eide,
739 3733 793 3797 uui
819 3731 871 3798 itai
891 3739 982 3815 τιμῆς
1003 3729 1167 3806 ἱκανοῖς”
1144 3755 1274 3838 ηγαμεν,
1305 3729 1380 3794 ὅστε

267 3822 320 3884 uei
347 3804 447 3928 ἡνίκα.
468 3819 507 3901 δη
535 3813 626 3924 arietis:
650 3814 765 3928 {eripio
793 3813 1075 3922 Βραὸονκίανα,”
1056 3836 1150 3899 οσπσρ
1178 3812 1262 3898 αι’τρῑ
1288 3815 1380 3920 ἑρμη-

266 3903 341 3981 veie
367 3905 476 4012 εἵπετ’ρ,
502 3900 560 3980 §tir
580 3899 663 3987 atirai
685 3882 736 3968 tui
755 3907 813 3984 τῆς
834 3899 976 4003 στιβάδος
996 3901 1158 3978 κατέκλινε,
1180 3906 1303 4007 πρᾶγμα
1325 3897 1379 3963 oii-

267 4013 341 4054 ποτε
361 3987 484 4072 γεγονὸς
504 3985 653 4073 πρότερον
674 3988 707 4053 ἐκ
724 3992 780 4051 τοῦ
797 3987 908 4064 παντὸς
920 3983 1041 4089 χρόνον
1085 3985 1269 4068 ἑρμηνέα
1231 4010 1288 4068 γαρ
1307 3981 1380 4048 oo’di

267 4079 331 4137 ταῖν
351 4098 412 4138 τινι
432 4067 720 4184 καταδιεσιέρσιν’
701 4068 874 4154 αρχόντσιν,
903 4070 980 4180 μήτι
999 4094 1032 4155 με
1054 4069 1092 4154 δὴ
1116 4070 1272 4152 βασιλεῖ’
1253 4065 1380 4153 ομοτρᾶ.

267 4162 360 4234 πεζοι
380 4154 588 4268 ηιγονόια
549 4157 651 4234 ον’δείς
674 4181 747 4223 ποτε
772 4154 861 4224 εἶδεν.
904 4153 980 4222 tut
1003 4157 1056 4220 uui
1071 4157 1378 4263 μεγαλοπρεπέστερα,

269 4241 293 4327 ἢ
315 4268 392 4307 κατα
419 4242 607 4353 πρεσβινιην
635 4241 687 4309 κᾶν
709 4239 809 4325 ἄνδρα
829 4248 938 4352 ιρῦτον
959 4239 1079 4320 titgeri
1101 4264 1149 4317 τι,
1173 4242 1225 4304 καὶ
1247 4237 1379 4321 auertiu-

269 4349 370 4410 ψαιο,
400 4333 508 4412 καίπερ
531 4326 581 4396 ἐπ’
601 4325 705 4395 oo'devi
728 4327 862 4417 ἔργῳ
824 4353 881 4413 την
901 4330 1065 4412 πρεσβείαν
1087 4322 1201 4410 (ωσπερ
1223 4350 1276 4407 μοι
1298 4327 1379 4408 εἴρη-

269 4418 333 4496 ται)
354 4415 567 4497 πεποιημένον
615 4417 768 4478 Chaereae
782 4394 925 4497 legatum
946 4413 1114 4496 ledigunm
1134 4434 1172 4472 ea
1188 4413 1379 4473 humanitate
