3125 4959
547 445 694 518 nome
717 445 941 516 unumne
1221 445 1298 524 367

321 613 468 676 Nominis
487 621 516 674 et
535 615 612 673 recti
630 612 750 676 Iustino
770 615 806 673 in
822 612 963 694 principe
982 613 1062 674 νίνίτ

320 701 517 762 lastinianus
536 719 614 779 apes
633 696 761 760 damini.
781 729 912 746 ·--·-

276 786 314 843 P.
335 785 388 859 45,
412 791 442 851 1.
487 783 595 845 Colore
616 784 763 861 imbutus,
785 805 846 865 quc
867 781 1081 841 scriberemus
1102 791 1145 840 est
1166 782 1302 862 impera-

191 868 325 950 toribus]
346 871 507 949 Gregorius
528 868 679 930 secundus
701 869 741 930 ed
760 872 897 929 Leonem
916 870 1055 927 lsaunim
1074 861 1300 947 imperatorem.

190 959 329 1016 Litterae
350 967 441 1031 tuae,
470 969 498 1016 et
517 977 579 1016 nan
600 956 721 1015 alienae
749 957 866 1035 sigillis
893 955 1100 1034 imperatoriis
1122 953 1303 1032 obsignatae

190 1043 355 1117 diligenter
375 1051 489 1117 essent,
516 1050 545 1099 et
564 1053 728 1101 accuratae
752 1044 838 1100 intus
858 1038 1097 1118 subscriptiones
1113 1059 1169 1117 per
1191 1041 1302 1096 einno-

190 1125 282 1184 barin
291 1129 422 1206 propria
435 1146 535 1185 manu
547 1137 615 1202 tua,
637 1139 671 1186 ut
691 1148 757 1186 moe
774 1137 819 1185 ne
839 1123 1084 1203 imperatoribus,
1106 1123 1300 1188 subscribere.

193 1210 389 1271 Cinnabarin
409 1214 527 1271 vocavit
549 1212 587 1272 ob
603 1213 710 1272 coloris
729 1209 980 1284 enullitudiuem3
1003 1207 1057 1269 sed
1071 1211 1301 1289 imperatorium

189 1307 372 1355 encaustum
400 1317 587 1377 purpureum
614 1309 678 1356 eret
707 1318 748 1356 ex
768 1299 895 1356 murice.
938 1297 1030 1354 Sacri
1056 1293 1177 1374 affictus
1206 1315 1301 1374 quos.

187 1400 318 1462 crempee
338 1394 463 1440 nostrae
481 1381 730 1454 mansuetudinis
749 1386 783 1443 in
798 1401 994 1462 quacumque
1008 1383 1203 1459 paginarum
1224 1381 1302 1438 ecri-

181 1470 284 1547 pserit
305 1469 472 1544 autoritas,
493 1489 556 1527 non
576 1468 641 1526 alic
662 1469 755 1528 vultu
768 1470 905 1547 penitus,
924 1475 981 1525 aut
1003 1465 1117 1540 colare,
1138 1468 1201 1523 nisi
1217 1486 1300 1544 pnr-

181 1571 287 1631 purea
321 1551 535 1612 tantummodo
563 1556 762 1631 inscriptione
788 1554 977 1614 lustrentur.-
1005 1552 1122 1609 ecilicet
1150 1561 1187 1609 ut
1219 1551 1300 1608 cocti

188 1639 333 1716 muricis,
368 1647 397 1695 et
424 1639 495 1696 triti
525 1637 678 1716 conchylii
706 1632 817 1696 artiore
848 1640 1018 1718 signentur.
1070 1638 1166 1695 Hanc
1195 1647 1300 1694 autem

186 1725 273 1779 sacri
300 1725 441 1780 encausti
461 1723 678 1802 confectionem
701 1723 785 1781 nulii
810 1725 853 1782 sit
874 1723 1009 1798 licitum,
1039 1732 1097 1780 aut
1124 1739 1299 1780 comessum

186 1806 306 1866 babere.
334 1808 357 1864 1.
379 1809 400 1868 6
425 1826 453 1865 c.
474 1805 513 1865 de
532 1806 642 1867 divers.
665 1814 800 1890 rescript.
825 1819 1005 1868 encaustum
1034 1804 1126 1866 hodie
1157 1809 1190 1864 iu
1209 1807 1299 1864 ltalia

185 1889 318 1951 dicimus
348 1891 540 1965 mediantem
569 1903 732 1972 encausta,
766 1904 798 1952 et
825 1894 1022 1954 encaustaria
1057 1890 1223 1971 legendum
1259 1888 1299 1949 ed

184 1977 210 2036 l.
232 1979 254 2039 9
275 1996 301 2034 ο.
324 1973 363 2035 de
384 1979 477 2055 agric.
504 1978 606 2059 liquor
632 1979 685 2037 ille
712 1999 899 2059 purpureus,
928 1998 1021 2060 quem
1048 1973 1099 2035 hic
1126 1997 1188 2036 nou
1216 1985 1299 2034 elra-

1317 623 1394 678 ΗΟ

184 2071 336 2137 mentum,
357 2061 414 2122 sed
427 2074 698 2143 purpuramentum
719 2083 827 2124 vocare
844 2066 946 2145 liceat,
968 2063 1142 2123 servabatur
1162 2065 1195 2119 in
1216 2072 1299 2119 stre·
1358 2117 1361 2120 .

184 2150 346 2221 neuterio,
367 2149 428 2206 nisi
448 2146 548 2206 dicere
569 2153 663 2208 etiam
682 2151 783 2224 melis,
805 2151 1104 2230 purpuramentari03
1125 2144 1300 2227 quodcum

185 2233 317 2291 caniculi
337 2233 470 2292 formem
492 2233 686 2316 effigiemque
707 2254 780 2314 pree
801 2254 834 2294 se
855 2235 945 2294 ferret
972 2233 1091 2315 (quales
1114 2241 1300 2292 strumenta-

182 2319 303 2376 riorum
321 2317 436 2378 formas
456 2317 610 2400 hodieque
630 2318 827 2400 usurpemus)
855 2320 893 2400 οἱ)
918 2317 953 2378 id
974 2335 1146 2379 cenicusus
1177 2326 1222 2374 est
1243 2334 1300 2394 ap-

182 2404 346 2482 pellatum.
388 2406 430 2462 Et
451 2423 470 2462 e
491 2421 646 2466 cenicum
668 2415 741 2480 erat,
762 2407 817 2486 qui
834 2405 955 2464 Caesari
977 2401 1127 2462 eiusmodi
1148 2419 1301 2480 purpure·

182 2490 371 2548 monterium
389 2490 590 2554 ministrabat.
633 2493 812 2551 Anntnius
827 2485 1080 2547 Bibliotlrecerius
1102 2484 1140 2544 ad
1162 2497 1300 2544 octavam

182 2572 340 2652 synodum
360 2584 419 2633 act.
442 2575 494 2637 10.
516 2577 722 2654 Praepositae
742 2572 882 2632 caniculi
902 2584 961 2651 est,
984 2575 1041 2652 qui
1061 2591 1171 2630 euram
1193 2582 1221 2628 et
1242 2592 1301 2628 eu-

182 2656 322 2715 stodiam
339 2662 422 2736 gerit
443 2660 596 2736 caniculi,
618 2657 656 2717 id
674 2668 728 2734 est,
748 2660 974 2733 atramentarii,
996 2679 1031 2716 ex
1052 2677 1111 2736 quc
1134 2659 1300 2734 imperator

182 2760 380 2802 euoenrcees
409 2743 531 2801 litterae
556 2744 665 2802 scribit
694 2747 728 2803 in
758 2743 888 2808 ebartis.
938 2739 990 2802 Ad
1017 2761 1130 2800 nomen
1167 2745 1194 2800 si
1225 2739 1301 2820 quid

181 2838 341 2906 praeterea
362 2829 483 2886 caesuri
511 2829 762 2889 subscribendum
783 2839 864 2901 erat,
891 2824 925 2886 id
950 2830 1140 2907 praepositus
1170 2827 1299 2884 caniculi

181 2932 280 2970 mauu
301 2931 357 2971 sua
378 2914 532 2986 exarabat,
554 2913 636 2993 quod
658 2918 691 2972 iu
711 2916 793 2971 calce
816 2910 952 2971 eiusdem
974 2911 1083 2991 synodi
1098 2910 1298 2990 christopho-

181 3017 255 3055 rum
272 2997 379 3054 Besilii
399 3000 590 3075 imperatoris
609 3017 627 3055 a
646 3000 783 3058 canicule
800 2998 908 3058 fecisse
924 2999 1031 3079 liquet.
1074 2996 1298 3054 Praeficiebeu-

180 3091 233 3140 tur
254 3081 392 3140 canicule
407 3083 544 3161 primarii
564 3102 583 3140 a
604 3088 737 3156 secretis,
760 3104 892 3164 quorum
912 3103 1023 3162 inagna
1039 3079 1169 3160 dignitas
1192 3092 1222 3140 et
1240 3102 1298 3139 eu-

181 3168 289 3226 toritas
310 3167 378 3242 fuit,
400 3177 503 3246 utpote
525 3186 604 3248 quae
625 3170 697 3228 solis
712 3168 836 3227 tandem
850 3172 1039 3249 imperatoris
1061 3170 1208 3246 sanguine
1223 3188 1297 3247 pro-

180 3253 307 3330 pinquis
329 3251 553 3312 concederetur.
596 3256 679 3327 Quae
699 3257 805 3325 lunius
827 3253 866 3314 de
892 3253 953 3314 hoc
977 3254 1076 3314 officio
1099 3251 1182 3334 apud
1202 3251 1297 3311 Codi-

181 3355 276 3410 num,
297 3354 399 3415 nugae
420 3349 502 3397 sunt.
1278 3403 1280 3410 ,

270 3421 307 3478 Ρ.
328 3420 387 3494 45,
410 3421 441 3485 5.
488 3425 678 3503 Lupicinae]
712 3424 842 3483 Sanctus
871 3421 1058 3503 Nicephorus
1090 3424 1123 3481 in
1154 3420 1297 3483 chronico

180 3499 391 3584 Euphemiam
409 3509 552 3586 appellet.
595 3512 727 3591 Uterque
748 3511 845 3583 beue;
878 3509 958 3568 illud
978 3509 1161 3567 vocabulum
1186 3511 1299 3567 eratali-

182 3593 264 3650 tium
283 3591 352 3667 fuit,
374 3587 434 3650 hoc
453 3595 576 3651 nomine
598 3598 755 3670 elustiuo,
776 3595 951 3676 populoque
965 3595 1298 3673 Constantinopolitano

182 3679 323 3755 Auguste
346 3679 531 3738 consalutata
553 3689 608 3752 est,
629 3689 664 3737 ut
684 3679 797 3738 habent
813 3682 920 3739 Graeci
943 3683 1102 3759 scriptores
1125 3699 1200 3760 quos
1218 3680 1300 3738 iufra

181 3760 225 3819 ad
254 3783 286 3842 p.
307 3760 349 3828 45
377 3763 476 3826 lin.2
503 3763 707 3824 laudabimus.
750 3767 853 3824 Victor
879 3767 1055 3825 Tunuensie
1082 3767 1116 3822 iu
1145 3763 1298 3823 cluonico.

181 3847 301 3908 Iustini
320 3851 434 3906 coniux
447 3851 608 3928 Lupicino
629 3853 750 3909 nomine
770 3848 941 3931 dicebatur,
963 3872 1060 3932 quam
1076 3851 1299 3911 Constantina-

175 3933 317 4012 poiitani
329 3933 539 4014 Euphemiam
556 3948 666 4014 pastea
686 3948 879 3996 vocaverunt.

269 4019 306 4076 P.
328 4017 381 4092 45,
400 4019 432 4080 8.
475 4021 618 4099 Insignis
637 4022 727 4080 trumo
748 4020 954 4102 stoliditatis]
985 4019 1089 4093 Idem,
1112 4015 1167 4079 sed
1188 4017 1298 4080 mode·

182 4103 260 4161 stius
282 4103 305 4160 l.
329 4104 348 4164 1
369 4105 444 4163 bell.
466 4104 563 4164 Veud.
587 4102 674 4168 oinos
696 4103 752 4187 pic
769 4102 877 4187 ἥκοντι
901 4107 932 4181 ἐς
960 4105 1132 4186 βασιλείαν,
1162 4105 1298 4169 διοικου-

181 4186 266 4271 μένῳ
288 4182 323 4250 di
341 4182 437 4270 ciseio
457 4185 528 4253 κατ’
548 4192 705 4268 ἐξουσίαν,
732 4191 799 4254 inei
824 4193 856 4255 si
877 4191 895 4255 o‘
916 4198 1004 4263 θεῖος
1021 4181 1181 4266 Ἰουστῖνος
1200 4190 1298 4273 rinio-

180 4267 285 4354 νηούς
304 4295 337 4336 τε
357 4268 402 4336 die
424 4275 588 4355 ἐβασίλευε,
608 4275 660 4338 sul
681 4279 743 4338 scir
761 4274 839 4339 νατοῖ
860 4274 919 4357 τήν
940 4273 1094 4336 πολιτείαν
1110 4271 1312 4358 πραγμάτων·

182 4353 224 4419 ου’
244 4362 401 4434 παντελῶς
421 4360 577 4443 ἔμπειρος.
614 4359 764 4421 Nondum
785 4359 830 4424 at
855 4363 974 4438 imperii
996 4358 1296 4421 administrationem

98 4458 101 4471 ·
182 4455 354 4505 accesserat
366 4445 571 4529 bertinianus,
592 4469 659 4510 earn
680 4460 783 4510 tumen
800 4467 926 4538 ,pumma
947 4446 1099 4510 exercebat
1119 4450 1298 4529 autoritate,
