3125 4959
252 433 328 508 418
604 434 648 502 lN
673 433 783 502 mss.
808 435 1007 502 suenum
1104 430 1106 434 ’

252 603 282 664 1.
305 603 344 659 Ν.
358 601 396 657 N.
413 609 552 678 parentes
566 600 672 659 lustini
687 601 877 680 imperatoris
899 601 932 658 in
946 597 1070 660 historia
1086 618 1207 680 prorsus
1230 595 1361 658 obscuri.

252 689 284 749 2.
299 689 330 750 3.
354 683 497 743 Iustinus
517 687 696 765 imperator,
724 686 902 766 Euphemio
922 689 1060 765 Auguste
1086 689 1240 763 coniuges.
1284 686 1362 741 Pro-

339 771 443 847 copius
463 766 514 828 hit>
534 790 565 850 p·
585 773 638 835 29.
680 771 782 832 Victor
802 773 977 831 Tunnensis
998 775 1030 830 in
1052 769 1157 832 chron.
1179 767 1362 828 Theodorus
1529 810 1530 887 ,

338 856 455 912 Lector.

1529 3804 1530 3837 l

1529 4246 1530 4285 t

253 935 286 1000 1.
310 938 497 997 Eutharicus
516 937 623 996 cillica
636 939 853 999 Arnalusuntae
871 942 1008 1015 maritus,
1030 940 1110 999 filins
1133 938 1292 1020 adoptivus
1307 939 1362 995 lu-

338 1025 409 1082 stini
429 1025 628 1101 imperatori&
670 1023 867 1084 Cassiodorus
888 1027 911 1083 l.
933 1029 964 1089 8.
1008 1028 1077 1085 var.
1101 1028 1188 1104 epist.
1214 1030 1242 1086 1.
1266 1025 1362 1082 Desi-

337 1105 420 1166 ders'o
436 1129 557 1188 quoque
570 1108 752 1179 concordiae
757 1113 874 1188 scetus
889 1121 933 1167 est
942 1132 1001 1190 per
1020 1131 1110 1169 ormo
1121 1112 1228 1188 filius,
1249 1128 1362 1189 quant·

334 1194 383 1252 vis
404 1193 491 1253 vobis
504 1215 583 1273 pene
603 1193 765 1254 videbatur
786 1216 973 1276 aequaevus,

251 1277 283 1341 5.
304 1277 519 1346 Ascatancas,
536 1298 593 1337 rex
614 1277 807 1340 Gotthorum.
857 1282 945 1338 Tunc
972 1279 1052 1338 milti
1073 1275 1204 1338 dedistis
1221 1278 1362 1357 gratiam

334 1366 466 1442 nepotis,
489 1362 616 1442 quando
634 1385 698 1423 meo
714 1368 842 1444 parenti
863 1364 1040 1444 adoptionis
1059 1363 1184 1443 gaudia
1200 1363 1362 1440 praestiti-

335 1451 403 1508 stis.
447 1447 582 1532 Cassiod.
600 1447 725 1508 ibidem.
769 1453 848 1509 Nam
868 1471 905 1508 eu
926 1451 1053 1530 epistola
1074 1461 1119 1509 est
1140 1447 1180 1508 ud
1200 1451 1361 1522 lustinum,

336 1543 369 1590 ut
390 1533 586 1611 probavimus
606 1533 645 1592 ad
666 1556 697 1615 p.
718 1534 774 1597 28.
856 1609 857 1612 Ἴ

249 1619 282 1680 6.
304 1613 472 1694 Bigleniza
493 1637 578 1677 soror
592 1620 710 1693 lustiui,
732 1628 830 1676 mater
842 1620 1003 1677 iustiniani
1019 1619 1219 1697 imperatoris,
1241 1614 1279 1673 de
1302 1633 1362 1694 qua

156 1704 234 1762 Abi
335 1697 387 1758 hic
408 1703 573 1779 Procopius
595 1706 718 1760 nomine
741 1701 947 1775 dissimulato,
977 1701 1140 1760 lornandes
1158 1703 1212 1758 lib.
1236 1699 1274 1756 de
1292 1719 1363 1757 snc-

335 1804 412 1844 cess.
442 1787 638 1844 Marcellinus
666 1785 706 1844 ad
735 1807 817 1846 cons.
849 1789 999 1845 lliavortii.
1043 1791 1160 1845 Nomen
1183 1786 1362 1864 Biglenizae

227 1871 231 1878 '
333 1867 527 1948 Theophilus
549 1873 581 1928 in
603 1872 664 1929 vita
685 1873 846 1930 Iustiniani
866 1869 1010 1950 prodidit.

248 1958 279 2016 7.
304 1954 454 2013 Sanctius
474 1956 634 2012 Iustiniani
656 1966 757 2034 pater,
782 1959 867 2014 cuius
888 1976 1002 2013 nomen
1023 1956 1070 2013 bis
1091 1955 1239 2032 legimus,
1266 1952 1360 2010 semel

332 2037 383 2097 hic
413 2036 495 2120 apud
519 2042 719 2118 Procopium:
749 2044 862 2099 iterum
889 2032 973 2118 apud
996 2037 1237 2116 Theophanem,
1268 2056 1361 2117 quens

331 2123 424 2201 paulo
461 2133 530 2180 unte
562 2125 731 2181 citavimus.
775 2125 898 2182 Istokus
926 2128 1018 2180 etium
1050 2125 1219 2200 appellatus
1249 2133 1296 2180 est
1322 2122 1360 2178 ab

332 2205 555 2284 lllyrieusibus.
598 2204 792 2285 Theophilus
812 2210 845 2265 in
867 2209 929 2264 vita
950 2209 1119 2265 Iustiniani.

250 2295 282 2356 8.
305 2289 504 2350 lastinianus
537 2292 701 2368 imperator
726 2294 833 2350 lustini
867 2312 908 2349 ex
939 2313 1041 2351 sorore
1068 2295 1186 2370 Nepos,
1221 2300 1251 2348 et
1282 2288 1361 2348 filins

333 2372 513 2452 adoptivus3
537 2394 629 2454 qnare
646 2377 679 2432 in
692 2378 828 2434 Novellis
844 2388 962 2454 patrem
983 2379 1104 2456 saepius
1124 2395 1195 2434 eum
1217 2376 1360 2453 appellnt.

341 2457 491 2538 {spirando
518 2461 620 2518 esuis
643 2461 808 2538 gentilibus
831 2460 928 2520 dictus
950 2473 1006 2520 est.
1049 2459 1136 2519 Idem
1157 2457 1360 2539 Theophilus.

247 2543 279 2607 9.
308 2541 468 2602 Theodora
491 2544 650 2603 iustiniani
670 2548 860 2626 imperatoris
882 2567 970 2606 uxor.
1014 2548 1178 2625 Procopius
1199 2547 1222 2603 l.
1247 2551 1263 2608 1
1287 2545 1359 2602 bell.

330 2631 420 2688 Pers.
465 2627 597 2690 1Vand.
640 2629 789 2692 3Gotth.
831 2635 942 2710 Evagr.
964 2633 987 2690 l.
1005 2630 1036 2694 4.
1079 2635 1181 2691 Victor
1202 2632 1306 2689 Tunn.
1326 2632 1358 2687 in

332 2711 438 2772 chron.
481 2713 644 2794 Perperam
671 2717 831 2776 Aimoiuus
859 2719 881 2775 l.
905 2720 926 2780 2
954 2715 992 2775 de
1023 2727 1100 2796 gest.
1127 2719 1233 2774 Franc.
1256 2716 1358 2774 Anto-

333 2801 420 2856 niam
442 2808 541 2857 vocnt.

249 2883 299 2946 10.
327 2881 500 2943 Theodorus
519 2884 614 2942 Zirus
633 2886 793 2945 Iustiniani
814 2885 894 2946 iilius
916 2887 1078 2959 naturalis,
1112 2905 1206 2966 quem
1228 2885 1358 2941 extincta

332 2965 506 3042 Theodora,
528 2973 677 3049 suscepit3
700 2970 905 3051 Theophanes
919 2974 1084 3051 Byzantius
1107 2969 1189 3050 apud
1205 2968 1359 3028 Photium.

332 3051 408 3114 Vide
430 3051 486 3111 has
506 3064 592 3112 notas
614 3054 654 3112 ad
680 3075 711 3134 p.
734 3060 787 3120 20.

249 3144 302 3206 11.
323 3139 456 3202 Ioannes
484 3135 666 3198 Theodorus
687 3141 767 3200 filius
789 3141 935 3198 naturalis
957 3159 998 3198 ax
1021 3149 1107 3220 patre
1129 3139 1240 3198 Arabe.
1283 3138 1359 3196 Pro-

334 3242 400 3301 cop.
423 3221 474 3282 hic
495 3241 526 3302 p.
548 3226 601 3287 76.
1325 3297 1328 3305 ¹

251 3313 301 3376 12.
323 3309 360 3365 N.
382 3307 444 3365 filia
472 3309 651 3384 iustiniani,
680 3317 710 3366 et
738 3306 920 3368 Theodorus
943 3311 1115 3388 Anonyma.
1159 3310 1287 3387 Procop.
1308 3303 1357 3364 bic

331 3411 364 3471 p·
383 3395 424 3455 20
446 3396 518 3454 et.2
538 3393 611 3452 bell.
634 3391 732 3452 Vand.

249 3478 302 3543 18.
322 3475 514 3619 Anostpeins
541 3479 700 3538 Iustiniani
729 3487 760 3537 et
780 3474 962 3537 Theodorus
988 3497 1026 3538 ex
1047 3478 1110 3538 filia
1131 3497 1239 3558 nepos.
1282 3478 1356 3537 Pro·

333 3580 400 3640 cop.
446 3562 474 3616 ic
495 3578 526 3638 p.
548 3565 600 3624 20.

247 3645 300 3714 14.
322 3645 477 3707 Ioannino
505 3645 643 3704 belisarii
670 3654 700 3704 et
720 3646 894 3705 Antoninus
921 3646 983 3705 filiu
1009 3648 1170 3707 Anastasio
1198 3643 1356 3725 desponsa,

332 3740 364 3790 et
385 3749 455 3789 cum
482 3729 537 3788 illo
560 3730 732 3790 clanculum
752 3750 771 3790 s
792 3729 958 3791 Theodora
979 3736 1157 3806 coniuncta,
1188 3730 1299 3789 deinde
1320 3731 1356 3787 ab

331 3817 486 3876 Antonius
511 3825 582 3895 post
611 3815 729 3874 obitum
748 3818 903 3896 Augustae
925 3818 963 3876 sb
986 3820 1052 3879 eius
1075 3818 1221 3898 amplexu
1241 3817 1358 3875 obstra-

332 3909 392 3960 cta.
435 3901 562 3982 Procop.
582 3899 711 3960 ibidem.

136 3990 301 4057 913915.
332 3984 511 4066 Vigilantio
545 4005 629 4048 soror
658 3985 819 4046 iustiniani
852 3987 1060 4067 imperatoris,
1094 3986 1205 4047 lustini
1234 3981 1359 4044 secundi

331 4082 438 4130 mater.
482 4072 609 4150 Procop.
631 4069 655 4128 l.
677 4075 698 4136 2
720 4071 793 4129 bell.
810 4072 907 4131 Vand.
950 4075 1054 4135 Victor
1074 4075 1179 4132 Tunn.
1201 4073 1234 4128 in
1255 4068 1357 4131 chron.

333 4156 460 4215 fortasse
483 4175 524 4214 ex
544 4157 665 4235 Illyrico
685 4157 810 4216 nomine
831 4159 1006 4236 Biglenizc.

252 4244 302 4306 16.
324 4241 538 4301 Dulcissimae
559 4243 739 4322 vigilantiae
760 4243 899 4305 maritus.
941 4245 1044 4303 Victor
1067 4237 1194 4299 ibidem.

251 4329 303 4391 17.
326 4324 466 4386 Iustinus
492 4329 593 4386 iunior
613 4330 768 4408 Augustus
791 4327 950 4386 iustiniani
978 4326 1168 4406 imperatoris
1194 4345 1288 4405 nepos
1317 4344 1357 4382 ex

333 4429 435 4472 sorore
456 4412 630 4490 vigilantia.
672 4416 775 4476 Victor
795 4411 922 4472 ibidem.
965 4413 1129 4493 Gorippus,
1150 4413 1262 4492 Evagr.
1283 4412 1306 4470 l.
1325 4409 1355 4474 5.
