3125 4959
187 519 190 523 ρ
216 416 294 488 380
564 417 609 486 ΙΝ
635 417 744 484 nist.
769 416 966 488 ARCANAM

298 584 334 643 Ρ.
352 584 412 659 60,
435 581 466 650 5.
510 583 595 645 Inter
617 579 811 662 prostibulae
830 580 979 664 habetur]
1008 582 1166 648 Aimoinus
1188 584 1210 642 i.
1232 587 1253 650 2
1281 581 1320 642 de

215 669 299 728 Gest.
321 671 427 728 trano.
449 691 476 728 c.
499 671 520 733 5
542 666 723 727 Theodorae
744 672 949 727 meretricium
971 673 1079 745 refert,
1101 683 1132 729 et
1153 669 1186 728 id
1207 672 1318 748 ipsum,

214 765 305 833 utque
325 765 420 815 totum
442 754 480 813 de
499 755 676 827 lustiniuuo,
700 755 857 827 Belisorio,
881 775 1046 837 eorumque
1068 757 1246 835 coningibus
1269 755 1320 812 tit-

212 843 337 898 storium
357 851 422 899 tam
442 838 613 918 prodigiose
634 849 750 912 namt,
775 849 810 895 ut
834 842 934 917 potius
957 861 997 899 ex
1019 846 1148 902 otiorum
1169 862 1318 916 sermone,

213 945 249 982 ac
268 927 330 983 leri
350 925 495 1004 tenuique
516 925 598 981 fumo
622 944 686 982 rem
708 926 860 1002 occepisse
881 923 1034 1000 rideatur,
1058 947 1150 1007 quam
1173 947 1212 984 ex
1233 947 1318 985 com-

157 1041 160 1047 ·
211 1008 355 1066 mendutc
382 1010 490 1067 litteris
519 1005 655 1067 historia.
700 1007 913 1084 Iustinionus,
943 1011 1056 1090 inquit,
1087 1023 1114 1068 et
1141 1013 1319 1070 Belicarius

212 1091 352 1173 quadam
379 1092 430 1151 die
458 1113 528 1151 cum
557 1095 758 1173 coaequaevis
785 1094 846 1152 sihi
876 1095 1009 1172 lupanar
1036 1099 1168 1174 ingressi
1195 1100 1320 1174 conopi-

210 1181 298 1237 ciunt
325 1178 407 1238 duas
428 1179 629 1238 mulierculae
648 1199 684 1236 ex
700 1188 791 1256 gente
810 1179 1001 1238 Amazonum
1022 1191 1101 1238 sorte
1126 1184 1319 1258 captivitatis

210 1261 365 1321 abductae
392 1263 472 1322 inibi
499 1283 563 1321 ecee
584 1270 792 1342 prostitutae,·
823 1287 877 1323 eus
905 1266 956 1323 illi
981 1267 1125 1344 rapiunt,
1154 1277 1247 1345 atque
1274 1263 1322 1323 ad

205 1350 354 1427 proprias
374 1345 481 1407 domoc
501 1346 667 1411 dediuunt.
702 1349 777 1412 ,Uen
797 1371 902 1407 eorum
922 1370 1028 1408 nomen
1057 1347 1228 1426 Uzeodora,
1250 1352 1319 1408 aliu

209 1432 381 1491 uocabatur
394 1433 567 1496 Antonino.
609 1435 652 1492 Et
674 1430 860 1494 Theodoram
881 1433 1006 1514 quidem
1019 1435 1229 1514 lastinianus,
1248 1435 1319 1494 An-

208 1520 349 1576 vtoninam
371 1541 441 1577 uero
462 1519 641 1578 Beliscrius
661 1521 787 1597 accepit.

223 1612 225 1615 '
295 1605 332 1661 Ρ.
350 1607 401 1679 60,
421 1607 453 1668 8.
484 1605 660 1662 Minicio
680 1603 817 1682 theatro]
848 1605 883 1660 ln
911 1621 1016 1660 eorum
1036 1605 1208 1682 spectacula
1228 1625 1319 1684 saepe

211 1697 311 1766 putres
343 1686 545 1762 invehuntur-3
577 1691 675 1747 acrius
706 1692 833 1748 Ioumres
863 1685 1115 1768 chrysostomus:
1148 1709 1184 1746 eo
1215 1700 1319 1748 tamen

210 1775 370 1831 iustiniani
390 1775 577 1853 temporibus
598 1776 734 1832 maxime
755 1771 908 1852 rigebant.
950 1777 1028 1832 Nam
1049 1795 1090 1832 ex
1110 1785 1226 1852 septem
1246 1797 1318 1832 mu-

210 1859 352 1932 neribus,
389 1878 467 1940 quae
499 1877 519 1917 ι
546 1861 721 1919 consulibus
754 1861 869 1938 populo
897 1861 1058 1938 quotannis
1087 1857 1341 1933 exhibebuntur,¹

210 1944 353 2020 qnintnm
379 1941 439 2003 hoc
468 1954 547 2024 erut,
578 1947 715 2023 Pornae,
747 1953 906 2018 vocatum,
936 1937 979 2002 vcle
1011 1964 1072 2024 quo
1103 1945 1320 2007 noreilu105.

212 2029 367 2104 Quintum
387 2050 508 2110 quoque
524 2029 628 2108 saciet
644 2051 838 2109 processum,
871 2026 957 2108 quod
981 2029 1027 2087 ad
1045 2031 1201 2088 theatrum
1222 2027 1320 2105 deecit,

208 2133 300 2191 quem
312 2116 437 2173 Porncc
456 2126 588 2177 uocant.-
608 2115 663 2174 ubi
683 2118 717 2174 in
737 2135 829 2173 scena
849 2115 1054 2172 ridiculorum
1076 2127 1120 2172 est
1140 2115 1228 2174 locus
1249 2125 1319 2172 tra-

203 2197 323 2276 goedis,
345 2211 373 2257 et
396 2200 580 2279 Thymelicis
600 2201 713 2273 choris,
736 2212 765 2258 et
784 2201 969 2280 spectaculis
991 2203 1154 2278 universis,
1174 2210 1203 2259 et
1224 2198 1319 2257 audi-

205 2283 321 2342 tttthue
342 2297 484 2362 apertum
504 2296 548 2344 eet
569 2286 733 2348 theatrum.

291 2371 328 2427 P·
346 2370 406 2444 60,
430 2371 480 2433 13.
504 2361 669 2450 ·Injiictas
690 2371 804 2449 alapas
830 2369 1018 2428 tumentibus
1037 2371 1127 2447 genis
1148 2361 1318 2447 excipiens]

205 2457 272 2512 Hoc
292 2457 457 2533 spectaculi
485 2475 582 2534 genus
607 2458 740 2514 cennine
761 2456 924 2530 Gregorius
945 2457 1153 2515 Nazianzenus
1175 2458 1316 2535 exposuit

205 2536 240 2599 ἐν
260 2542 304 2622 τῷ
326 2535 523 2618 Νικοβοῦλον
544 2536 619 2617 πρὸς
640 2534 693 2600 eir
712 2535 836 2615 πατέρα.

614 2619 739 2705 ὕβρεσιν
760 2619 846 2683 ἄλλοι

291 2699 437 2787 σίνδρσίν,
456 2709 648 2789 θηλυτέρων,
669 2705 867 2787 πολυκαμπία
886 2705 996 2786 τέρψιν
1019 2705 1143 2786 ἔχοντες,

291 2791 345 2854 uui
367 2794 469 2872 μίμων
490 2800 635 2874 σκιεροῖσι
656 2793 860 2874 ῥαπίσμασιν,
885 2785 932 2865 οἷς
952 2787 1014 2855 ὕπο
1036 2787 1134 2872 κόῤῥη

291 2883 461 2960 γυμνοῦται
481 2881 645 2957 tropicum
664 2879 798 2961 γελοίϊον
819 2870 888 2940 circi
907 2871 1002 2956 γόοιο.

294 2964 388 3020 Nunc
408 2965 443 3020 iu
454 2964 636 3042 foemineis,
658 2982 741 3022 nunc
761 2967 795 3020 in
811 2959 994 3039 probrisque
1014 2960 1153 3014 uirorum

291 3050 382 3106 Dum
404 3052 508 3107 uarice
527 3051 629 3107 animi
649 3049 755 3118 lucus,
776 3056 805 3101 et
822 3041 948 3122 gaudia
970 3053 1123 3122 quaerunt

292 3134 497 3210 Prospiciunt
518 3130 607 3190 auidi
628 3129 871 3208 colaphismata3
894 3131 982 3208 queis
1002 3129 1062 3186 sihi
1083 3129 1185 3185 mutas
1269 3181 1271 3186 .

291 3217 380 3274 Dum
400 3227 540 3296 retegunt
561 3217 627 3286 illi,
649 3217 771 3274 conitus
791 3217 984 3294 crepitusque
1005 3216 1112 3288 cietur,

290 3302 341 3358 ue
362 3323 423 3380 quo
440 3312 500 3381 p'ro
522 3303 669 3380 lacrymis
691 3303 793 3360 oritur
810 3303 988 3380 gemituque
1010 3299 1191 3358 cachinnus.

206 3389 246 3444 m
268 3382 307 3443 od
320 3387 495 3463 Seleucum,
516 3393 604 3468 μῖμοι
625 3389 750 3470 γελοίων
770 3381 933 3459 κονδύλοις
952 3384 1132 3466 εἰθισμένοι.
1177 3385 1319 3458 Scurrae,

206 3471 433 3550 quibuefiriri
453 3495 520 3531 moe
536 3493 716 3553 pugnorum
737 3471 861 3531 ictibus.
903 3473 1036 3530 Tertull.
1058 3471 1111 3528 lib.
1134 3467 1171 3524 de
1194 3478 1319 3545 spectet.

208 3556 414 3616 Contumeliie
434 3559 604 3639 alaparum
626 3561 673 3616 cic
693 3557 815 3636 obiicit,
845 3559 937 3637 quari
958 3554 995 3614 de
1019 3565 1180 3635 praecepto
1201 3551 1320 3610 dornim'

206 3636 317 3702 ludat.¹
823 3637 824 3641 ’

290 3728 328 3784 Ρ.
343 3723 401 3799 63,
422 3722 455 3788 4.
498 3725 535 3787 In
556 3725 756 3784 mulierculae
778 3721 914 3784 eiusdem
936 3723 1065 3800 theatri]
1094 3725 1143 3780 Ex
1165 3723 1319 3799 Byzantiis

204 3811 414 3870 meretricibus
436 3809 653 3872 duas'tontnm
673 3808 779 3870 habuit
800 3812 911 3868 amicos
926 3808 1100 3881 Theodoro,
1123 3803 1318 3884 Chrysornal-

204 3896 268 3953 lem
291 3906 321 3955 et
341 3895 501 3970 Indorum3
530 3916 606 3976 quus
627 3907 697 3974 post
718 3907 875 3973 acceptum
899 3897 1061 3974 imperinm
1081 3893 1111 3948 in
1134 3894 1216 3968 regia
1239 3889 1319 3970 apud

204 3978 288 4059 opud
308 4002 342 4040 se
361 3985 517 4054 continuit,
540 3991 571 4039 et
592 3983 688 4040 socies
711 3978 817 4038 lmbnit
840 3983 1045 4039 consiliorum.
1090 3974 1211 4048 Snidos,
1237 3981 1320 4055 Χρυ·

206 4060 346 4144 σσμαίλοί
368 4063 467 4148 ὄνομα
491 4062 700 4149 ὀρχηστρίδος,
721 4061 786 4129 εἶτα
805 4063 933 4146 ἑταίρας.
976 4060 1108 4143 ἤκμαζεν
1131 4060 1181 4142 ini
1200 4057 1320 4123 ’ίονστι-

205 4153 316 4212 νιανοῦ
336 4149 389 4213 uui
412 4148 581 4229 Oeoioiouc.
627 4150 858 4230 Chryromotlu‚
887 4171 994 4210 nomen
1022 4159 1067 4205 est
1092 4146 1320 4220 cantatriculce,

205 4257 245 4294 uc
260 4234 456 4315 postmodum
470 4238 645 4311 meretricis,
667 4259 747 4316 quue
762 4236 885 4294 celebris
898 4238 971 4313 suit
983 4235 1155 4292 Iustiniani
1175 4241 1204 4288 et
1225 4228 1320 4288 Theo·

206 4320 300 4380 dorae
316 4321 511 4399 temporibus.
553 4324 656 4381 innuit
678 4320 770 4382 huius
790 4319 932 4380 historice
954 4322 1054 4380 locum
1077 4317 1155 4375 insra
1177 4338 1207 4396 p.
1223 4317 1276 4377 78.

291 4408 328 4466 P·
343 4409 396 4484 63,
418 4405 449 4472 5·
494 4409 673 4489 Pentapolis
689 4409 857 4489 praesecto]
889 4411 965 4467 Eum
986 4405 1147 4484 intelligit,
1175 4419 1253 4484 quae
1275 4411 1320 4458 est
