3125 4959
383 1142 684 1233 ¹rrauenuusonuo
712 1172 765 1231 uu
796 1171 1126 1231 aerumanmemo
1155 1173 1191 1234 o.

286 1324 350 1437 D.
471 1324 1306 1441 LUDO·VIGO

421 1516 746 1631 erumnam
798 1534 1160 1632 uun0v1s10‚

581 1706 613 1770 e.
641 1705 674 1770 a.
703 1706 738 1770 n.
764 1704 994 1771 emmanuun.
1178 1668 1184 1679 ⁴

522 1860 699 1935 Nicolaum
751 1833 979 1935 Alemnnnuo
1027 1862 1068 1933 F.

690 2078 898 2091 m

244 2192 320 2329 Qui
344 2247 481 2334 publicum
500 2250 641 2326 lavorem,
669 2252 729 2317 sino
748 2251 903 2338 Principum
917 2248 1037 2339 gratiam
1051 2247 1104 2312 sibi
1129 2244 1279 2311 conciliare
1293 2265 1342 2308 no·

226 2370 336 2431 'uarum
361 2370 452 2412 rerum
478 2352 680 2416 narrationibus
708 2366 925 2430 consueverunt,
955 2350 1024 2415 nilnil
1053 2347 1247 2440 opportunius,
1276 2346 1345 2409 nihil

1356 1174 1449 1232 V263

244 2448 334 2535 magis
348 2470 385 2512 ex
408 2474 457 2514 usu
477 2472 541 2515 esse
555 2476 605 2516 suo
623 2453 676 2516 lrae
700 2454 815 2517 historia
836 2457 954 2518 tonnae
969 2452 1098 2528 credent,
1122 2472 1203 2537 quam
1217 2471 1253 2513 ex
1267 2445 1343 2513 Vati·
1389 2519 1391 2528 ,

244 2574 314 2614 eana
341 2550 515 2615 Bibliotheca
541 2553 745 2638 depromptam,
770 2555 806 2618 ad
831 2567 877 2628 te,
908 2554 1108 2618 Canninium
1133 2552 1342 2621 Anrrnrosmrn,

246 2651 358 2717 deiero:
383 2675 468 2739 usque
483 2654 556 2718 adeo
570 2676 661 2719 rernm
679 2657 816 2732 nouitate,
838 2653 977 2737 uuriieque
996 2653 1105 2715 easilnne
1119 2674 1155 2714 ea
1170 2650 1275 2714 relorta
1289 2659 1341 2712 eut.

245 2752 348 2819 Verum
369 2776 458 2839 neque
480 2757 552 2820 lraee
575 2756 611 2821 ita
631 2780 705 2821 noua
724 2769 801 2832 nunt,
826 2767 853 2819 ut
867 2765 1022 2817 acroamata
1037 2751 1097 2837 quin
1119 2773 1182 2815 esse
1197 2762 1281 2838 putet,
1301 2749 1342 2813 in·

245 2856 358 2918 eandum
373 2856 494 2932 seilicet,
514 2857 565 2919 aed
579 2857 673 2922 inutile
688 2858 770 2921 animi
782 2856 1000 2920 delinimentum:
1016 2874 1106 2938 nequo
1130 2875 1188 2939 ego
1206 2865 1281 2916 tuam
1303 2852 1343 2914 ita

244 2978 381 3041 quaerere
402 2958 523 3044 gratiam
544 2981 662 3024 neeesse
687 2960 797 3036 habeo,
820 2958 866 3043 qui
887 2978 949 3020 earn
972 2954 1106 3037 singulari
1130 2969 1176 3019 tuo
1203 2952 1344 3019 beneflcio

243 3057 330 3144 longe
343 3071 407 3121 ante
428 3072 525 3122 tenere
540 3061 615 3125 uiuus
634 3062 686 3124 sim
705 3062 790 3136 mihi,
821 3083 900 3146 quam
922 3058 985 3121 ullis
1003 3056 1051 3120 vel
1071 3056 1167 3133 laetis,
1191 3054 1237 3119 vel
1260 3054 1342 3118 obeo·

243 3159 313 3243 qniis
334 3159 545 3244 promeruerim:
578 3180 747 3247 aequemus
768 3163 817 3225 ille
837 3160 961 3226 sublimis
983 3158 1103 3234 animun,
1126 3177 1207 3243 quem
1229 3154 1256 3218 in
1277 3177 1344 3241 gra·

245 3260 362 3323 nimimiu
382 3261 466 3325 relus
487 3284 622 3349 nunquam
641 3286 696 3326 non
722 3261 958 3347 occupatissimum
982 3259 1107 3323 videmus
1127 3277 1238 3330 omnes,
1263 3254 1344 3320 novio

245 3360 380 3426 eiusmodi
399 3363 483 3427 robus
505 3365 625 3451 eapitur,
650 3364 746 3451 quibus
766 3375 795 3427 ut
812 3363 860 3426 alii
881 3360 1024 3447 capiantur
1043 3360 1092 3423 otii
1113 3361 1234 3424 suavius
1253 3356 1344 3443 potino

245 3464 385 3537 coneedit,
410 3486 491 3551 qnam
511 3467 618 3555 negotii
644 3466 787 3531 seueritas.
830 3466 880 3530 Est
900 3476 992 3527 tamen
1015 3462 1088 3525 haec
1111 3460 1226 3524 historia
1247 3480 1265 3521 a
1289 3458 1344 3522 tuin

244 3564 448 3629 Ecclesiastieis
474 3566 546 3631 curis
573 3590 629 3631 non
659 3569 761 3633 aliena.
815 3568 886 3632 Nam
909 3562 1085 3651 Imperatorio
1110 3559 1249 3625 Iustiniani
1280 3558 1344 3645 (qui

244 3666 358 3730 huiusce
379 3667 442 3732 libri
458 3679 500 3731 ost
514 3672 717 3755 argumentum)
739 3670 767 3732 in
784 3668 984 3732 sacerdotalem
1005 3665 1145 3738 ordinem,
1170 3662 1198 3727 in
1221 3684 1343 3725 summos

245 3789 387 3831 merorum
414 3769 572 3847 maumites,
602 3770 631 3833 in
657 3792 715 3833 rem
739 3769 885 3834 Eeeleeiao
913 3769 1063 3856 publicam,
1099 3767 1136 3829 ad
1156 3763 1229 3828 hane
1252 3762 1343 3827 lerino

245 3868 319 3931 diem
335 3867 425 3931 mirati
439 3894 530 3935 somus
545 3871 660 3935 ellueam
671 3871 823 3935 licentiam:
851 3884 880 3933 et
893 3868 1046 3934 Cardinaliu
1068 3867 1200 3931 Baroniue
1216 3865 1342 3951 aequalis

246 3970 387 4035 doetrinae
406 3972 449 4035 vir
471 3996 505 4037 ae
523 3973 652 4059 pietatis,
678 3996 738 4037 enm
752 3972 833 4037 huius
846 3971 1020 4058 lmperatoriu
1040 3990 1087 4033 ree
1106 3968 1133 4031 in
1158 3967 1272 4031 annales
1295 3989 1340 4031 re·

246 4070 347 4156 ferret,
373 4072 555 4137 uehementer
575 4073 658 4138 etiam
678 4086 761 4161 utque
782 4073 865 4137 etiarn
887 4074 959 4139 hune
978 4070 1106 4156 Proeopii
1129 4068 1230 4134 librum
1252 4090 1338 4153 expe·

244 4171 320 4246 tivit,
347 4174 420 4257 quod
440 4173 505 4237 indo
525 4186 693 4261 compertum
714 4175 776 4240 fere
790 4187 911 4261 putaret,
935 4170 1111 4260 Imperatoris
1124 4170 1263 4235 lattiniani
1280 4192 1338 4233 mo·

246 4291 292 4334 res
312 4274 359 4358 qni
374 4274 499 4361 luerint,
511 4277 584 4362 quod
599 4275 755 4363 ingenium,
775 4298 847 4365 qnae
862 4276 1024 4363 prudentia,
1053 4294 1126 4361 quae
1140 4274 1258 4357 deniqne
1279 4271 1338 4358 pie·

245 4382 303 4446 tao:
328 4395 389 4438 eum
402 4397 458 4441 non
471 4376 573 4443 lenam
586 4379 622 4443 de
640 4378 688 4444 ille
706 4380 863 4468 opinionem
882 4398 997 4445 mouere
1012 4375 1152 4442 videretur
1166 4374 1214 4442 illa
1233 4376 1293 4440 eius
1311 4373 1340 4439 in
