3125 4959
289 415 339 486 oo
369 522 371 524 Ι
734 415 938 487 aaoconn

288 587 365 676 εἶχεν
382 591 403 677 ἢ
420 589 553 677 ἐγκλημα
568 584 729 674 ἐπενιγκιδν
743 586 982 678 ἀπροσδόκητον,
1008 585 1029 674 ἢ
1044 585 1196 674 διαθήκης
1210 588 1247 654 οὗ
1262 613 1381 675 γεγενη-

288 696 382 778 μίνης
397 691 597 780 προσχήματι.
629 689 727 775 ἐμεωό
738 717 771 759 τε
786 693 883 758 αὐτοῦ
889 690 1046 775 Ῥωμαίων
1060 691 1215 780 άρχοντος,
1232 693 1268 757 οὔ
1283 695 1381 770 πίστις

290 796 369 884 πρὸς
385 795 627 884 θιόνάσηαλὴς,
654 795 690 861 οδ
707 797 809 874 δεξιά,
835 796 871 861 οὗ
888 792 982 878 νόμος
997 795 1123 882 ὀχυρὸς,
1149 796 1184 860 οὐ
1202 800 1311 882 πρᾶξις
1326 801 1380 878 βτ-

175 903 199 956 V
224 903 279 960 son
292 897 384 982 βαίιι,
409 900 444 964 ori
460 896 648 982 συμβόλαιον
662 897 758 964 adole.
809 898 1013 982 στελλομένων
1028 900 1061 963 δι’
1073 898 1150 985 πρὸς
1164 899 1259 963 αι’-τοῦ
1274 903 1336 964 τῶν
1353 897 1381 962 οἳ

293 1004 464 1086 ἐπιτηδείων
478 1003 556 1078 τινές
573 1002 623 1065 ἐπί
635 1026 703 1066 τινα
717 1005 828 1089 ηρᾶξιν
837 1051 847 1080 ,
873 1005 900 1068 εἰ
915 1003 971 1086 μέν
987 1001 1025 1084 δι’]
1045 1001 1148 1077 αὐτοῖς
1162 1001 1403 1076 άπολωλεκίναι5

252 1103 398 1189 Οξυόίβη
418 1112 479 1171 τῶν
502 1106 590 1192 σηίσι
616 1101 900 1190 παραπεπτωκότων
934 1103 1066 1182 πολλοδς
1093 1109 1143 1169 ani
1166 1102 1334 1190 χρημάτων
1353 1130 1382 1169 τι

293 1211 460 1292 ληίσασθαι
480 1213 602 1288 πλῆθος
606 1255 618 1286 ,
645 1197 729 1272 odron
752 1207 790 1292 δὴ
815 1206 969 1289 εὐδόκιμοι
985 1213 1029 1295 τῷ
1045 1205 1245 1294 αὐτοκράτορι
1259 1203 1382 1272 ἐδόκουν

291 1337 323 1378 τε
336 1307 409 1376 είναι
425 1313 474 1375 καὶ
492 1307 713 1393 όνομάζεσθιιι,
740 1309 793 1376 ἅτε
817 1310 855 1394 δὴ
876 1308 996 1376 ἅπαντα
1009 1311 1040 1386 ἐς
1055 1309 1089 1375 τὸ
1103 1311 1225 1397 άκριβές
1237 1309 1276 1380 τδι,
1291 1311 1381 1394 ἐπηγ-

289 1415 417 1500 γελμίνιι
439 1413 673 1490 ἐπιτελίσιιντες·
703 1415 730 1479 ei
754 1413 788 1478 δέ
807 1417 911 1501 φειδοῖ
926 1439 982 1478 τινι
1002 1414 1034 1489 ἐς
1059 1411 1243 1500 ἀνθρώπους
1262 1409 1382 1500 χρησά-

291 1539 375 1599 μενοι
391 1517 466 1603 παρ’
485 1515 578 1582 αὐτόν
590 1517 715 1596 ἵκοιντο,
741 1515 871 1593 δύσνους
884 1542 916 1582 τε
935 1516 1038 1593 αὐτοῖς
1052 1513 1087 1581 nd
1101 1515 1207 1581 λοιπόν
1224 1517 1276 1580 καὶ
1294 1515 1382 1579 noii-
1391 1530 1423 1582 10

292 1625 363 1701 μιος
385 1611 432 1700 ἦν.
483 1615 632 1704 άπογνοάς
650 1643 699 1696 τε,
724 1617 825 1705 ὥσπερ
848 1615 1070 1704 άρχιιιότροπόν
1091 1644 1159 1684 τινα
1177 1618 1232 1701 τὴν
1251 1624 1311 1682 τιῦν
1329 1616 1383 1681 όν-

206 1752 210 1759 -
293 1724 376 1806 δρῶν
396 1719 504 1808 φάσιν,
529 1722 561 1796 ἐς
580 1718 636 1802 τὴν
655 1717 822 1806 ὑπουργίαν
843 1721 941 1786 οὗκίτι
963 1717 1072 1785 ἐκάλει.
1123 1720 1199 1786 ὥστε
1215 1723 1265 1786 καὶ
1279 1723 1383 1786 πολλοὶ

269 1884 271 1888 .
293 1823 327 1886 ἐν
340 1825 458 1908 σπουδῇ
470 1824 625 1902 ἐποιοῦντο
649 1822 856 1889 ἐνδείκνυσθαι
870 1823 954 1910 αὐτῷ
971 1818 1014 1899 ὡς
1033 1826 1158 1910 πονηροὶ
1181 1819 1252 1903 εἶεν,
1278 1825 1383 1909 καίπερ

294 1927 382 2012 σφίσι
395 1933 455 1989 τῶν
466 1921 710 2008 ἐπιτηδευμάτων
723 1925 759 1990 οδ
771 1922 867 2012 ταάτη
879 1923 1017 2007 ἐχόντων.
1060 1922 1267 2010 ὑποσχόμενος
1279 1927 1315 1990 δι’
1325 1949 1384 1990 τισι

294 2025 440 2104 πολλάκις
451 2031 501 2092 καὶ
513 2026 623 2113 ὅρκῳῆ
638 2024 797 2112 γράμμασι
813 2029 867 2111 τὴν
878 2025 1041 2110 ὑπόσχεσιν
1056 2029 1248 2114 ὀχυρωτίριιν
1261 2052 1384 2110 πεποιη-
1394 2034 1426 2088 15

293 2131 398 2213 μίνος,
424 2131 519 2208 εὐθὺς
533 2127 710 2206 ἐθελούσιος
724 2132 755 2206 ἐς
770 2128 871 2212 λήθην
892 2131 1024 2213 ἀφῖκτο,
1036 2127 1127 2210 δόξης
1142 2154 1171 2192 τι
1188 2129 1289 2214 φέρειν
1304 2129 1386 2217 αὐτῷ

294 2233 330 2298 τὸ
349 2233 437 2319 ἐργον
455 2239 546 2296 τοῦτο
575 2227 721 2312 οἰόμενος.
780 2233 832 2295 καί
854 2233 951 2294 ταῦτα
966 2228 1168 2318 Ἰουστινιανηῑ
1184 2231 1219 2294 οὐ
1241 2229 1335 2312 μόνον
1355 2233 1385 2308 ἐς

254 2345 280 2399 1)
297 2335 369 2409 τοὺς
388 2331 541 2415 ὑπηκόους
563 2329 746 2416 ἐπράσσετο,
771 2332 850 2398 ἀλλὰ
876 2334 926 2396 καὶ
948 2332 979 2407 ἐς
996 2339 1056 2396 τῶν
1075 2334 1225 2414 πολεμίων
1245 2335 1384 2412 πολλοὺς,

295 2434 396 2520 ὥσπερ
411 2433 465 2517 μοι
478 2435 592 2520 εἷ’ρητιιι
608 2433 791 2519 ἐζιιπροσθεν.
857 2425 895 2518 ἦν
909 2460 940 2500 τι
964 2431 1078 2511 ἐίϋπνάς
1090 2460 1122 2500 τε
1136 2438 1187 2500 καὶ
1203 2435 1306 2512 detrec
1320 2439 1385 2500 ἐπι-

295 2544 434 2602 πλεῖστον
449 2541 541 2602 sinsin
552 2540 603 2601 καὶ
617 2538 723 2613 σιτίοις
733 2535 824 2622 μένῆ
842 2542 927 2624 ποτῷ
938 2536 1110 2623 κατακορὴς
1125 2525 1247 2620 οὐδαμῆ
1260 2539 1427 2622 γ’ἐγονιν,20
1529 2583 1530 2592 1

296 2640 373 2706 (illd
382 2639 490 2724 σχεδόν
499 2666 527 2705 τι
537 2639 621 2728 άκρηι
630 2636 770 2732 διικτόληι
780 2636 1023 2726 ἀπογευσάμενος
1033 2638 1252 2724 ἀπηλλάσσετο.
1286 2638 1387 2730 ὥσπερ

361 2856 382 2910 3
401 2847 437 2907 οδ
454 2850 531 2918 δεξιά
549 2851 678 2910 Reislias.
754 2845 773 2920 ἢ
791 2848 862 2917 δόξα
880 2851 934 2906 ΑΡ.
1034 2850 1051 2906 5
1068 2845 1231 2920 ἐπιτηδείων
1247 2850 1330 2922 τινὲς]
1347 2871 1388 2906 τι·

361 2919 409 2983 vic
420 2927 469 2976 or'o.
483 2922 562 2974 Aleta.
575 2923 607 2975 Ρ.
679 2921 744 2976 idid.
762 2917 977 2987 ἀπολωλεκέναι]
995 2915 1164 2973 ἀπολωλέναι
1175 2921 1244 2974 Med.
1314 2923 1331 2976 6
1350 2924 1388 2992 τι]

362 2997 417 3046 Ant
437 2985 569 3044 delendum
591 3001 637 3044 aot
653 2989 724 3059 μέγα
743 2989 930 3058 relegendum.
948 2989 1042 3043 [ἐστιν.
1154 2991 1171 3044 8
1189 2986 1387 3060 ὀνομάζεσθαι]

363 3057 542 3126 ὠνομάζοντο
560 3060 647 3112 Reislr.
716 3061 750 3113 to
768 3057 885 3125 inuento]
903 3053 1044 3110 άυίκοιυτο
1062 3057 1151 3113 Reisk.
1227 3061 1259 3114 17
1277 3055 1389 3112 Ἰουοτι·

362 3130 450 3199 νιανῷ
471 3128 557 3184 Reislr.
607 3123 802 3186 Ἰουοτιυιιινδς
826 3127 881 3181 ΑΡ.
1018 3128 1051 3180 19
1066 3119 1103 3192 ἦν
1118 3128 1165 3194 τε]
1189 3117 1227 3194 ἦν
1245 3123 1280 3180 ’δὲ
1300 3129 1389 3191 Reisk.

362 3199 419 3249 idid
445 3193 555 3258 ἄϋπνος
565 3213 595 3248 τε
605 3196 653 3248 καί
663 3191 759 3257 ἄσιτος
769 3194 861 3248 Reisk.
900 3194 1048 3260 Legebator
1063 3193 1210 3254 desedere
1224 3195 1281 3262 καὶ,
1299 3197 1389 3248 omisso

366 3260 468 3324 ἄσιτος.
488 3267 563 3317 conf.
582 3284 607 3335 p.
625 3264 696 3319 45⁸.
831 3265 863 3316 21
883 3262 982 3332 σχεδόν
998 3280 1026 3314 τι
1043 3257 1119 3331 derogo
1136 3263 1224 3316 Reislr.
1291 3263 1390 3331 σχεδὸν

365 3327 458 3402 πάτρῳ
477 3335 527 3385 ltl‘.
562 3332 659 3400 σχεδὸν
675 3327 751 3402 ἄκρῳ
768 3332 862 3386 Suidas
877 3349 899 3387 s.
917 3350 942 3386 v.
960 3328 1124 3400 κατακορής.
1209 3331 1273 3387 idid.
1290 3330 1390 3402 γευσά-

365 3418 448 3468 μενος
464 3395 652 3470 ἀπηλλάττετο
670 3402 769 3456 suidas

299 3605 374 3650 nese,
392 3586 433 3639 nol
449 3586 604 3656 supposititii
620 3588 764 3642 testamenti
790 3584 954 3640 obtendendi.
987 3585 1047 3640 Ηοσ
1071 3586 1241 3642 Romanorum
1263 3587 1394 3659 Principe,

300 3657 370 3708 nulla
385 3658 458 3708 lirnra
472 3659 504 3708 de
522 3655 570 3707 deo
584 3655 632 3707 luit
649 3658 789 3725 sententia,
804 3657 847 3708 nel
866 3655 945 3718 διδους
970 3656 1061 3708 nulium
1077 3657 1169 3710 stabile
1180 3659 1233 3720 ius;
1251 3657 1337 3726 pactio
1350 3657 1393 3709 vel

300 3742 344 3777 res
360 3734 478 3777 constans
498 3726 575 3776 oolla.
609 3724 772 3793 Familiares,
791 3725 883 3792 qulbus
902 3722 1012 3776 dedisset
1032 3725 1133 3793 aliquod
1151 3727 1294 3794 negotium,
1312 3726 1333 3777 si
1346 3728 1394 3777 lros

300 3795 345 3862 qni
361 3794 410 3846 sibi
431 3794 579 3846 incidissent
596 3792 621 3844 in
641 3810 728 3844 ronanus
741 3793 873 3845 eoniertirn
884 3791 1071 3860 protogenen,
1090 3802 1116 3844 et
1127 3811 1240 3862 magnam
1255 3794 1395 3846 abstraxis-

300 3870 359 3915 sent
373 3863 426 3914 auri
439 3864 497 3924 vinu,
515 3864 539 3914 hi
550 3861 658 3915 Caesari
670 3861 821 3912 videbantur
839 3867 961 3928 erantque
972 3861 1088 3930 probati,
1106 3865 1189 3930 utqui
1208 3861 1394 3915 absolutissime

300 3934 422 4001 imperata
434 3934 570 3995 fecissent3
589 3931 706 4000 quivero
718 3928 898 3981 abstinuissent
909 3929 1012 3981 aliorum
1023 3931 1135 3996 iniuriis,
1150 3932 1175 3983 in
1194 3933 1241 3983 hos
1255 3937 1314 3998 post
1325 3931 1394 3982 redi-

300 4009 353 4050 tum
366 4001 425 4051 odio
443 4010 499 4052 erat
518 4000 619 4064 hostili,
637 4008 822 4068 pertaesosque
832 3997 927 4048 illorum
940 4016 1022 4050 mores
1034 3999 1151 4068 arntiquos
1175 4007 1202 4051 et
1220 4000 1340 4064 ignavum
1353 3999 1394 4050 in·

300 4068 418 4139 genium,
436 4070 502 4121 huod
520 4071 632 4121 vocabat
648 4068 675 4120 in
693 4064 821 4136 posterum
840 4066 871 4117 od
889 4067 1180 4135 prorirrciasger·endas;
1198 4069 1231 4119 ob
1243 4067 1318 4134 idque
1330 4085 1393 4120 non·

300 4137 362 4189 nulli
373 4137 528 4190 affectarunt
541 4139 607 4208 apud
618 4137 687 4189 illum
701 4136 842 4205 opinionem
857 4134 1036 4204 improbitatis,
1053 4153 1130 4204 aqua
1143 4136 1218 4203 plane
1229 4135 1341 4188 moribus
1353 4137 1394 4189 vi-

301 4214 381 4272 taque
391 4206 565 4259 abhorrerent.
600 4208 735 4259 Factanrm
747 4219 926 4286 saepenumero
946 4204 1127 4273 sponsionum,
1145 4211 1172 4256 et
1183 4213 1338 4257 sacramento
1351 4205 1394 4256 vel

301 4274 395 4326 tabulis
413 4277 626 4338 confirmatarum,
644 4274 729 4327 statim
747 4271 897 4325 oblrvionem
914 4273 1050 4336 simulavit,
1068 4271 1140 4340 quasi
1158 4272 1256 4324 laudem
1274 4273 1331 4325 hinc
1346 4273 1395 4325 sibi

301 4342 409 4411 aliquam
422 4353 594 4413 compareret,
610 4344 689 4414 idque
699 4352 750 4395 non
761 4341 827 4412 apud
840 4358 901 4394 suos
915 4348 1022 4409 tarrtum,
1037 4343 1093 4405 sed,
1110 4341 1178 4409 qrrod
1191 4358 1267 4410 sopra
1279 4342 1395 4394 narmi·-

302 4428 367 4478 mus,
384 4412 460 4466 etiam
471 4413 541 4483 apud
553 4414 647 4468 hostes.
682 4412 819 4484 Nunquam
829 4409 924 4465 enavit
934 4409 1042 4464 otiosum
1053 4409 1197 4480 negotiosus
1210 4411 1290 4486 dhus,
1304 4418 1396 4482 potus·
