3125 4959
547 436 942 534 uorraammnm.
1214 437 1298 506 aet

191 598 233 661 ad
253 603 408 681 episcopos
435 601 468 660 iu
497 596 627 669 eandem
655 604 836 661 sententiam
858 603 945 678 dato,
975 614 1009 661 ut
1034 621 1110 660 rnnx
1132 599 1300 660 declarabo.

190 689 381 767 Quamquam
401 707 473 746 vero
491 689 598 746 lustini
619 690 811 761 constitutio,
842 694 925 748 cuius
955 687 1004 746 hic
1026 691 1167 746 meminit
1191 690 1303 745 Proco-

191 775 277 852 pius,
305 783 376 830 uota
398 773 531 832 consulis
552 782 651 830 careat
672 792 734 831 nou
757 775 859 832 solum
884 777 915 832 iu
937 777 1091 852 impressis
1114 775 1217 847 libris,
1249 769 1304 831 sed

190 861 282 916 etiam
309 859 342 915 in
372 859 497 938 antiquo
528 855 630 917 codice
657 858 819 930 Vaticau03
854 872 958 918 tomen
990 877 1030 917 ex
1063 861 1207 937 inscripto
1240 859 1305 915 De-

183 940 356 1002 mosthenis
375 947 516 1018 uorrrioe,
538 943 762 1024 promulgatam
783 962 851 1000 eam
875 965 935 1002 non
960 943 1133 1003 dubitamus
1155 954 1224 1022 post
1246 964 1306 1001 an-

189 1047 265 1084 num
285 1030 395 1086 lustini
413 1031 549 1102 tertium,
570 1029 621 1086 rel
639 1027 756 1085 drmbus
778 1028 990 1108 sequentibus,
1017 1027 1138 1110 quando
1160 1030 1302 1108 praetorii

189 1114 412 1191 praefecturam
428 1111 649 1174 Demosthenes
667 1111 896 1187 administravit,
918 1123 953 1170 nt
975 1133 1015 1170 ex
1031 1126 1207 1193 praetorum
1229 1117 1305 1173 serie
1324 1109 1414 1167 11351

191 1195 234 1255 sd
261 1200 422 1257 conssrlum
451 1210 572 1283 tempus
599 1217 617 1256 a
643 1198 732 1257 uobis
763 1208 899 1256 revocata
925 1196 1028 1259 videre
1058 1200 1131 1256 licet
1159 1201 1238 1256 iufra
1269 1197 1309 1257 ad

192 1302 226 1363 p·
251 1285 305 1346 92·
354 1287 457 1362 ipsam
482 1285 591 1342 lustiui
619 1287 881 1356 constitutionem,
913 1282 998 1362 quod
1026 1281 1065 1340 ad
1094 1283 1310 1343 illustrandam

193 1379 311 1446 partem
331 1366 424 1426 huius
445 1366 588 1427 historiae
609 1371 807 1450 praecipuam
827 1371 990 1448 pertineat,
1013 1364 1062 1424 hic
1079 1369 1229 1445 integram
1251 1368 1310 1426 da-

193 1473 273 1512 mus.
316 1456 352 1510 ln
382 1474 442 1534 qua
472 1453 532 1512 duo
563 1457 658 1511 setim
684 1453 919 1512 animadvertas.
962 1455 1036 1511 Post
1064 1454 1163 1530 legem
1186 1455 1308 1529 taliam,

193 1539 492 1612 constantinianam,
531 1548 562 1595 et
592 1540 774 1597 Illartiouam
810 1536 848 1594 de
885 1548 1060 1602 senatorum
1096 1541 1308 1612 matrimoniis,

192 1625 327 1702 primum
356 1624 412 1682 srrb
435 1627 551 1681 Iustino
581 1635 610 1680 et
638 1625 806 1682 iustiniauo
836 1621 972 1681 aurlitam
998 1643 1063 1680 esse
1093 1625 1125 1679 in
1155 1625 1228 1682 orbe
1247 1626 1311 1682 Ro·

192 1728 284 1766 mauo
306 1712 494 1766 sanctionem
518 1707 555 1764 de
584 1721 758 1766 senatorum
783 1711 896 1786 nuptiis
919 1728 990 1764 cnm
1012 1708 1134 1764 abiectis
1161 1712 1312 1787 personis.

192 1791 313 1851 Deinde
334 1795 406 1850 licet
428 1796 461 1851 in
483 1796 698 1853 Constantiana
719 1794 788 1872 lege
817 1813 871 1872 per
893 1790 971 1850 hanc
992 1796 1146 1872 antiquata
1168 1797 1313 1852 nomina-

193 1880 252 1938 tim
272 1889 416 1937 notentur
436 1880 586 1952 ancillae,
607 1879 747 1958 libertae,
770 1880 921 1952 scenicae,
943 1877 1146 1956 tabernariae,
1168 1879 1314 1936 lenonum

195 1974 224 2022 et
244 1967 459 2027 arenariorum
467 1965 571 2043 filiae,
593 1985 731 2044 quaeque
752 1966 958 2022 merer'monr'r'a
967 1963 1094 2042 publice
1102 1967 1315 2041 praefuerint;

193 2059 299 2106 tamen
320 2059 354 2108 ut
374 2051 465 2130 plane
487 2052 726 2128 intelligeremus
744 2070 800 2129 pro
813 2047 976 2108 Theodora
998 2051 1144 2107 sancitam
1166 2047 1245 2106 hanc
1264 2049 1313 2108 le-

193 2152 267 2213 gem
287 2135 393 2208 fuisse,
417 2137 570 2193 Iustinmn
591 2136 671 2194 solas
693 2134 743 2193 hic
764 2137 921 2194 nominare
942 2135 1086 2192 muheres
1100 2137 1250 2211 scenicae,
1271 2151 1313 2194 ex

194 2237 257 2302 qus
277 2223 426 2279 nimirum
446 2221 531 2279 faece
552 2218 718 2280 Theodora
739 2222 850 2279 iuerat.

365 2386 481 2462 lue.
540 2386 630 2463 IU
664 2388 692 2463 S
727 2390 772 2463 T.
834 2389 1145 2462 Aeaeusrus

436 2511 650 2570 DEMOSTHHI
672 2526 853 2569 rustrscsn
878 2527 1074 2569 PRAETORIO·

280 2640 451 2719 Imperialis
475 2643 705 2702 benevolentiae
726 2647 884 2722 proprium
905 2641 964 2702 hoc
986 2663 1051 2702 esse
1074 2639 1257 2713 iudicantes,
1280 2649 1315 2697 ut

196 2725 281 2782 omni
307 2736 444 2806 tempore
474 2726 679 2785 subiectorum
708 2726 870 2784 coruinoda
899 2738 962 2783 tam
992 2730 1191 2804 investigare,
1222 2743 1314 2803 spiram

197 2811 243 2875 eis
271 2808 388 2873 mederi
415 2827 628 2890 procuremus:
657 2812 761 2889 lapsus
791 2830 913 2890 qrroque
940 2812 1122 2882 mulierum,
1153 2829 1208 2887 per
1237 2828 1314 2887 qnos

196 2893 493 2973 indignamlrouore
517 2899 778 2956 conversationem
807 2896 1013 2952 irnbecillitute
1039 2913 1131 2952 sexus
1155 2895 1314 2968 elegerint,

197 2984 382 3058 competenti
403 2980 610 3040 moderatione
638 2978 840 3040 sublevandos
868 3000 932 3038 esse
962 2996 1138 3038 censemus:
1168 2980 1315 3035 minime-

197 3069 323 3144 quaeis
347 3087 434 3146 spem
455 3069 591 3126 nreliotis
614 3067 796 3126 conditionis
826 3064 977 3140 adimere,
1007 3075 1040 3122 ut
1065 3063 1104 3120 ad
1127 3083 1192 3121 earn
1217 3065 1315 3137 respi-

197 3152 328 3224 cientes,
360 3153 565 3230 improvidam
595 3163 626 3211 et
657 3156 760 3210 miuus
795 3150 955 3209 lrorrestam
988 3151 1165 3208 electionem
1196 3149 1314 3205 facilins

197 3231 420 3313 derelinquant.
464 3241 543 3294 Nam
570 3238 613 3294 ita
642 3237 795 3297 credimus
826 3235 876 3294 dei
897 3237 1158 3306 benevolentiam,
1187 3244 1217 3291 et
1239 3236 1316 3289 cirea

198 3337 295 3397 genus
314 3319 482 3378 humanum
501 3323 630 3378 nimiam
648 3323 854 3394 clementiam,
878 3332 1026 3401 (mantum
1048 3331 1169 3378 uostrne
1188 3330 1315 3376 naturae
1334 3322 1356 3374 Α
1372 3322 1407 3376 39

197 3405 343 3484 possibile
366 3417 429 3480 est,
450 3409 581 3480 imitari,
601 3409 653 3486 qui
676 3405 835 3464 cotidianis
858 3403 1018 3464 hominum
1040 3408 1173 3484 peccatis
1198 3425 1318 3482 semper

197 3492 357 3569 ignoscere
381 3491 540 3570 dignatur,
569 3490 604 3550 'et
626 3493 844 3570 poenitentiam
867 3494 1018 3569 suscipere
1042 3503 1194 3562 nostram,
1226 3487 1317 3546 etad

198 3579 359 3637 meliorem
386 3597 456 3636 eam
483 3589 596 3638 statum
621 3576 781 3637 deducere.
825 3574 912 3648 tjnnd
941 3579 967 3634 si
994 3579 1073 3633 circa
1102 3587 1219 3634 nostros
1242 3574 1317 3631 sub-

198 3663 294 3720 iectos
316 3665 444 3742 imperio
465 3683 522 3725 nos
552 3666 644 3721 etiam
665 3665 765 3722 t'acere
788 3661 978 3736 ditierarrrus,
1009 3663 1096 3719 trulla
1121 3663 1208 3719 venia
1231 3656 1317 3736 digni

199 3765 267 3805 esse
289 3746 471 3806 videbimur.
515 3751 622 3829 ltaque
644 3769 713 3807 cum
741 3751 888 3807 iniustum
915 3751 972 3824 sit,
1004 3765 1106 3806 servos
1130 3743 1253 3826 (pridem
1275 3744 1317 3800 li·

188 3830 314 3899 ¹laer-tate
337 3831 475 3907 donatos,
496 3852 587 3912 posse
607 3853 663 3912 per
682 3832 817 3891 divinam
838 3833 1060 3912 indulgentiam
1081 3831 1228 3889 natalibus
1252 3831 1316 3886 suis

198 3917 335 3991 restitui,
356 3928 519 3998 postquam
542 3915 719 3977 huiusmodi
740 3920 907 3998 principale
930 3920 1107 3976 beneficium
1130 3917 1171 3972 ita
1192 3912 1314 3991 degere,
1332 3919 1355 3973 t>
1371 3922 1422 3976 tte

199 4003 288 4082 quasi
314 4022 474 4084 nmrquam
495 4006 673 4077 servissent,
707 4004 763 4062 sed
792 4006 917 4080 ingenui
938 4007 1001 4062 nati
1024 4011 1139 4068 essenti
1172 4001 1317 4060 muheres

199 4099 322 4162 autem,
353 4107 431 4170 quae
461 4092 588 4149 scenicis
619 4087 744 4169 quidem
775 4091 856 4169 lupis
885 4109 951 4146 sese
980 4099 1048 4145 arrte
1076 4089 1317 4160 immiscuerunt,

190 4183 306 4256 ,postea
341 4194 412 4234 rero
449 4188 550 4256 spreta
580 4177 662 4234 ntala
691 4173 864 4234 conditione
892 4172 932 4232 ad
960 4173 1118 4231 meliorem
1148 4173 1319 4249 nrigrnrere

200 4262 397 4335 seutentiam,
434 4272 464 4319 et
496 4259 690 4322 inhonestam
719 4262 938 4340 professionem
975 4257 1162 4333 etl'ngerunt,
1200 4258 1317 4314 uullanr

201 4366 289 4428 spem
318 4347 495 4426 principalis
522 4346 633 4404 habere
654 4348 811 4419 beneficii,
839 4342 935 4426 quod⁴
949 4362 1000 4401 aas
1029 4341 1068 4400 ad
1095 4342 1186 4400 illum
1207 4353 1319 4401 statum

200 4431 368 4509 seduceret,
389 4435 422 4490 in
445 4452 507 4513 quo
530 4437 557 4492 si
576 4429 656 4492 nihil
677 4430 829 4494 inhonesti
849 4437 1008 4511 peccatum
1026 4439 1116 4505 esset,
1138 4433 1319 4488 conunorari
