3125 4959
256 458 333 532 386
606 459 652 528 ΙΝ
656 536 658 542 p
676 454 788 532 alst.
813 459 1009 528 ructata

253 622 422 707 gerendam
448 633 556 705 aptas,
589 621 712 703 deponit
738 629 918 706 imperinm,
950 617 1127 687 Iustiniana
1153 628 1277 688 sororis,
1289 627 1363 704 filio

256 712 403 790 Angusto
425 715 598 789 coimitato,
621 714 675 790 qui
695 723 762 770 tam
781 723 848 770 erat
860 714 1024 791 patricias,
1046 712 1198 786 exconsul,
1218 711 1364 770 militiae-

258 816 319 878 que
346 798 506 875 magister,
536 806 564 853 et
591 799 670 855 serio
698 799 765 856 iam
779 797 910 876 publico
923 817 942 855 n
962 809 1080 877 ceperat
1101 815 1204 856 reram
1225 793 1365 855 admini-

235 912 237 915 ’
257 882 445 944 stratiomm.
487 878 564 940 Vide
584 901 663 960 (puae
683 885 855 945 notavimus
878 897 968 961 aa'p.
986 886 1026 946 29
1048 883 1102 941 liu.
1122 884 1173 946 16.

220 1041 221 1044 Ἴ
342 967 376 1022 Ρ.
392 967 442 1037 66,
465 964 516 1029 14·
562 966 644 1024 Nam
665 987 736 1026 cum
757 970 834 1025 airis
854 970 1020 1042 terratoriis
1046 967 1150 1046 (qaod
1167 967 1279 1046 prisca
1300 964 1365 1044 lege

258 1061 386 1110 cautum
406 1055 467 1122 eet)
488 1069 610 1108 uxorem
630 1049 738 1112 ducere
759 1055 942 1112 meretricem
964 1073 1025 1111 non
1046 1054 1146 1131 liceat]
1176 1051 1363 1110 Constantini

258 1138 399 1214 rescripto
422 1133 461 1194 ad
482 1135 662 1214 Gregorium
688 1137 710 1194 l.
734 1139 764 1199 1.
792 1139 895 1198 Seuat.
926 1158 952 1196 c.
975 1137 1013 1195 de
1035 1148 1097 1196 nat.
1120 1138 1173 1195 lib.
1201 1148 1230 1194 et
1252 1136 1363 1194 Valen-

257 1223 363 1280 tiniani
390 1239 426 1278 ac
450 1215 593 1278 Martiani
620 1219 660 1279 ad
682 1221 864 1282 Palladium.
887 1223 953 1288 t.=7
975 1243 1001 1282 c.
1025 1220 1062 1280 de
1084 1225 1191 1280 incest.
1213 1232 1242 1279 et
1263 1221 1368 1277 inutil..

255 1316 342 1384 nupt.
367 1307 532 1369 ,Senatores
551 1327 606 1380 eea
623 1309 807 1385 praefectos,
827 1307 878 1366 vel
896 1325 973 1387 quos
993 1311 1027 1366 ia
1048 1306 1231 1365 civitatibus
1250 1303 1365 1362 daum-

253 1391 402 1464 virilitae‚
423 1391 473 1449 vel
492 1389 669 1468 sacerdotii,
690 1389 801 1466 idest,
821 1392 1093 1450 Plioneiciarelriae
1110 1393 1159 1452 vel
1172 1389 1366 1470 Syriarclziae

255 1485 439 1534 ornamenta
464 1472 680 1551 condecorant,
706 1477 814 1555 placet
833 1477 992 1537 maculam
1012 1478 1115 1536 subire
1140 1477 1308 1550 infamiae,
1337 1483 1365 1531 et

255 1561 376 1618 alanos
399 1580 420 1616 a
440 1558 595 1618 Romanis
620 1559 743 1640 legibus
756 1562 845 1639 fieri,
875 1565 905 1618 si
932 1583 967 1619 ex
993 1563 1129 1636 ancilla,
1156 1562 1205 1619 vel
1232 1559 1366 1617 ancillae

245 1643 351 1726 felia,¹
373 1643 571 1718 celtiberia,
599 1646 648 1704 vel
666 1645 793 1704 libertae
805 1647 901 1725 filia,
929 1647 978 1705 cel
995 1649 1133 1725 scenica,
1163 1645 1211 1704 ael
1230 1647 1365 1703 scenicae

245 1729 335 1811 filia,
357 1729 406 1789 ael
424 1729 625 1805 tabernaria„
638 1732 688 1789 ael
708 1731 905 1790 tabernariae
915 1729 1003 1808 filia,
1024 1733 1074 1790 vel
1093 1731 1220 1803 humili,
1242 1731 1290 1788 cei
1311 1729 1365 1787 ab·

252 1818 333 1875 iecta
349 1834 499 1892 persona,
523 1814 574 1872 ael
593 1816 744 1889 Lenonis,
766 1824 823 1872 aat
844 1815 992 1873 Arenarii
1004 1816 1099 1894 filia,
1120 1816 1167 1874 cel
1187 1835 1267 1894 qaae
1288 1835 1365 1870 mer-

252 1899 398 1958 cimoniis
413 1896 536 1977 publice
553 1897 711 1977 praefuit,
731 1909 888 1978 susceptos
900 1899 991 1976 filios
1011 1902 1046 1957 in
1064 1921 1190 1958 numero
1211 1899 1366 1976 legitimo-

253 2003 325 2044 rum
346 1980 456 2047 habere
476 1983 643 2057 coitarint,
663 1993 723 2040 aut
739 1987 867 2062 proprio
888 1983 1021 2058 iudicio,
1033 1981 1099 2043 'act
1119 1985 1219 2043 nostri
1236 2004 1365 2063 praero-

184 2064 190 2068 ’
251 2071 365 2150 gativa
385 2069 533 2144 rescripti.
576 2071 661 2124 Hanc
683 2069 786 2147 legem
807 2071 939 2128 lustinus
961 2071 1139 2148 antiquavit.

337 2154 373 2222 P·
399 2155 455 2224 66,
480 2151 530 2215 15.
580 2155 757 2231 Principem
778 2151 885 2231 adigit
908 2151 954 2211 ad
979 2155 1074 2232 legem
1098 2175 1180 2212 noca
1207 2153 1365 2210 constita-

252 2241 334 2296 tione
360 2234 568 2314 evertendam]
607 2240 709 2296 tramit
739 2241 903 2317 Procopius
931 2241 1040 2298 lustini
1066 2241 1169 2319 legem
1198 2238 1241 2300 23
1269 2258 1295 2294 c.
1325 2233 1363 2292 de.

251 2333 338 2401 nupt.
382 2325 496 2382 Vennn
521 2320 605 2402 (guod
633 2321 684 2382 hic
713 2336 846 2406 repetere
874 2344 964 2403 saepe
993 2343 1101 2402 cogor,
1131 2334 1261 2405 quatuor
1293 2322 1363 2378 iliae

250 2410 369 2466 litterae
399 2410 486 2466 laer.
524 2409 634 2487 qrubus
658 2418 781 2468 ‘nornen
808 2410 942 2468 Iustinus
971 2413 1072 2469 serrior
1105 2410 1228 2470 notabat
1261 2425 1362 2475 suruu,

251 2489 513 2572 quemadmodum
536 2514 625 2571 supra
647 2513 716 2573 pag.
740 2500 781 2560 28
803 2497 968 2573 Procopius
989 2497 1139 2565 narravit3
1173 2513 1288 2572 (puaeve
1316 2492 1360 2548 ilii

252 2577 404 2656 praefixae
425 2581 638 2636 constitutioni
657 2581 689 2636 iu
711 2582 842 2660 antiquis
864 2582 1076 2659 urauuscriptis
1098 2581 1183 2637 libris
1205 2587 1304 2651 erant,
1333 2587 1363 2632 et

252 2683 307 2720 nos
330 2666 361 2719 iu
384 2666 527 2720 Vaticano
552 2664 797 2737 observavimus,
827 2663 923 2723 doctis
952 2668 1024 2724 viris
1054 2668 1280 2744 imposuerunt,
1309 2662 1361 2740 qui

251 2751 318 2805 eius
339 2758 428 2805 uotae
450 2748 680 2826 ambiguitatem
702 2748 741 2807 ad
756 2751 924 2826 Iustiniani,
947 2769 1039 2830 quam
1062 2749 1101 2808 ad
1121 2751 1230 2808 lustiui
1249 2747 1362 2805 nomen

249 2835 440 2910 interpretari
461 2835 649 2908 rnaluerunt,
673 2833 834 2914 eidemque
853 2837 1100 2894 constitutionem
1121 2834 1307 2893 adscribere:
1332 2841 1362 2888 et

249 2918 402 2976 Hubertus
425 2915 594 2996 Giphanius
615 2939 684 2976 eam
705 2917 886 2978 Theodorus
906 2939 997 2980 suasu
1018 2923 1050 2978 iu
1073 2917 1270 2979 corrunodum
1291 2935 1362 2972 rurr-

249 3002 360 3060 lierum
382 3001 496 3060 editam
515 3023 533 3060 a
546 3007 713 3063 lustiuienro
736 3007 828 3064 etiam
850 3003 987 3062 credidit.
1032 3003 1092 3062 Sed
1108 3006 1215 3061 Instini
1237 3003 1361 3060 oruniuo

250 3099 312 3146 est:
342 3108 414 3145 siam
442 3090 475 3145 iu
503 3087 639 3153 codicem
665 3109 726 3148 non
749 3089 845 3148 semel
866 3093 1050 3167 irrepserunt
1072 3090 1168 3148 taleae,
1186 3089 1290 3164 legum
1314 3089 1361 3142 in·

144 3173 237 3231 Pili
252 3176 444 3250 scriptiones,
474 3183 565 3252 atquae
593 3177 686 3233 etiam
706 3175 951 3253 subscriptiones.
995 3175 1102 3231 Dicam
1123 3183 1242 3231 tantum
1269 3174 1302 3228 iu
1329 3191 1362 3230 re

250 3260 401 3336 praesenti
426 3259 684 3336 exploratissimae
713 3279 862 3340 quasque.
906 3261 970 3322 l.6
1000 3257 1213 3318 restituendae.
1264 3258 1298 3314 C.
1323 3253 1361 3314 de

251 3342 356 3400 advoc.
376 3344 439 3400 siso.
463 3354 494 3400 et
524 3344 545 3400 1.
568 3349 588 3410 7
617 3365 672 3424 per
700 3342 778 3405 herro
803 3345 923 3422 legem,
954 3354 983 3402 et
1009 3344 1030 3402 l.
1054 3348 1073 3409 8
1095 3363 1204 3417 uerno,
1233 3353 1301 3400 trrrn
1330 3343 1362 3398 iu

158 3429 234 3486 Α88
251 3425 431 3506 epigraphe,
455 3439 522 3486 tum
544 3432 671 3491 innota
693 3429 852 3494 constitum
874 3427 912 3488 ad
934 3431 1048 3487 calcem
1068 3429 1215 3487 mendose
1237 3437 1284 3486 est
1304 3446 1362 3484 no-

249 3533 321 3571 men
351 3515 526 3584 iustiniaui3
556 3532 630 3570 nam
659 3533 699 3570 ex
731 3515 826 3573 tribus
858 3515 919 3572 iltis
953 3516 1233 3586 constitutionibus,
1264 3514 1361 3590 prima

249 3601 364 3657 sancita
387 3609 433 3656 est
455 3618 534 3656 aritio
557 3598 664 3656 tustini
686 3596 799 3676 primo;
824 3597 956 3656 secunda
979 3611 1007 3656 et
1029 3603 1131 3674 tertia,
1155 3618 1235 3656 amm
1257 3608 1360 3668 sexto,

250 3682 435 3763 notandique
457 3691 529 3742 sunt
550 3682 611 3748 diro
633 3685 739 3740 tustini
761 3687 892 3762 Augusti
920 3685 1112 3758 consulatus,
1143 3684 1219 3741 alter
1245 3684 1360 3759 collega

250 3767 428 3840 Eutharico,
458 3768 536 3824 aiter
556 3769 712 3847 opilione,
744 3779 777 3828 ut
799 3781 879 3827 recte
904 3779 949 3828 est
970 3771 992 3827 l.
1012 3773 1052 3832 23
1075 3769 1222 3827 consulta.
1266 3770 1301 3826 C.
1324 3767 1362 3824 de

250 3855 350 3912 testib.
372 3872 446 3910 nam
466 3852 649 3912 lastinianus
672 3869 742 3911 cum
759 3855 878 3914 Valerio
900 3857 1035 3933 prirmuu
1058 3854 1249 3912 consulatum
1270 3854 1362 3931 gessit

250 3958 329 3996 arrrro
355 3938 463 3995 lustiui
489 3940 631 3997 esurienti
659 3941 758 4000 tertio.
801 3938 851 3998 Ad
878 3938 957 3998 ham
987 3956 1126 3997 nonnam
1154 3936 1362 4004 emendandae

250 4034 280 4079 et
303 4024 380 4079 aliae
402 4034 483 4096 eruit,
505 4032 534 4079 et
556 4023 616 4088 Η
637 4024 749 4100 legem.
794 4021 828 4083 6.
846 4023 883 4082 de
904 4035 967 4083 isat.
983 4025 1037 4082 lib.
1080 4027 1240 4083 Praeterea
1261 4025 1362 4103 legem

251 4107 337 4163 'iliam
365 4105 403 4164 de
430 4109 557 4165 scenicis
586 4109 763 4169 mutieribus
790 4112 899 4168 tustini
929 4129 995 4167 esse
1024 4129 1146 4188 prorsus
1171 4111 1281 4167 evincit
1302 4110 1362 4166 alia

252 4189 300 4251 de¹
320 4191 428 4249 iisdem
450 4195 576 4251 scenicis
600 4195 757 4253 iustiniani
785 4198 977 4268 constitutio,
1008 4196 1045 4252 ab
1067 4196 1121 4252 illa
1142 4197 1250 4252 iustiui
1271 4194 1361 4273 piene
1433 4227 1436 4234 -

252 4274 383 4350 diversa,
406 4281 517 4357 ‹prrippe
532 4273 618 4360 *rpuae
641 4299 703 4338 nou
724 4283 824 4339 solinu
844 4283 933 4360 ptura
955 4283 1069 4358 capita,
1091 4276 1260 4337 sedetiam
1282 4281 1363 4336 auti-

252 4364 386 4419 nomiam
415 4368 579 4438 contiueat,
612 4375 644 4423 ut
675 4369 776 4425 statim
806 4386 969 4443 exponam.
1013 4367 1058 4422 Ea
1088 4365 1159 4422 licet
1184 4361 1276 4423 hodie
1302 4385 1362 4423 nou

249 4457 350 4518 extet,
385 4447 535 4508 suunuaru
564 4461 666 4510 tamea
695 4454 760 4510 eius
794 4449 941 4512 babemus
972 4452 1002 4508 in
1032 4452 1176 4529 rescripto
1202 4452 1361 4510 Iustiniani
