3125 4959
194 447 269 518 320
643 451 844 521 PROCOPll

191 610 363 683 πεπονθότα
387 616 529 706 περιελιδν
551 617 809 707 άνῳκοδομῆσατα
839 620 967 714 οδδεμιρῖ
989 619 1130 708 μελλήσει
1136 670 1148 704 ,
1173 617 1225 690 τόν
1251 649 1283 690 τε

190 721 327 804 ποταμὸν
344 713 437 798 αὖθις
459 723 490 798 ἒς
511 723 568 805 τὴν
582 721 717 808 πρόσθεν
737 723 808 790 illo
823 722 1023 812 ἐπανήγαγεν,
1048 727 1086 810 ἣν
1105 727 1206 810 κοίτην
1225 753 1284 791 κα-

189 829 286 890 λοῦσι.
335 825 502 906 ταῦταμὲν
519 816 572 889 οόν
588 830 658 910 τῇδε
675 825 836 914 κεχιόρηκε.

290 923 412 1002 Κάδνος
438 928 473 992 δὲ
498 927 635 1008 ποταμὸς
660 930 738 993 κατὰ
763 928 850 994 πόλιν
878 927 974 1012 με’σην
998 925 1123 1016 Τάρσον
1150 927 1283 1014 φέρεται.

189 1029 239 1092 καί
256 1025 368 1115 χρόνον
388 1029 443 1110 μὲν
459 1028 512 1093 τδν
536 1029 629 1095 ἄλλον
646 1030 734 1096 oilie
754 1031 846 1118 άχαρι
867 1032 1126 1117 διαπεπραγμένος
1145 1033 1308 1118 φαίνεταιὸ

93 1144 122 1198 Η
138 1142 173 1198 49
189 1124 326 1208 πιόποτε,
352 1129 435 1208 ἅπαξ
451 1132 485 1196 δὲ
505 1131 588 1219 αὐτῷ
608 1135 776 1218 ξυνηνέχθη
800 1135 871 1200 ποτὲ
889 1134 927 1198 τὰ
949 1133 1096 1216 ἀνήκεστα
1120 1131 1284 1219 διεργάσα-

147 1231 266 1299 1)σθαι
287 1234 319 1309 ἔξ
343 1235 442 1310 αι’τίας
465 1237 597 1300 τοαῖσδε.
646 1244 701 1302 τοῦ
722 1237 778 1320 μίν
801 1242 909 1324 καιροῦ
930 1235 1008 1324 tisoni
1029 1234 1144 1321 τροπάς
1163 1236 1284 1319 ἓαρινιλς

186 1326 225 1419 ἦν
244 1331 264 1420 ἦ
280 1335 363 1421 ὥρα·
385 1335 472 1413 νότος
485 1338 520 1402 δὲ
535 1336 645 1420 άνεμος
658 1340 836 1417 ἐξαπιναίως
849 1337 1027 1414 ἐπιπνεύσας
1041 1339 1136 1414 πολδς
1148 1338 1203 1412 τάς
1213 1334 1284 1419 χιό-

186 1464 251 1514 νας.
264 1440 378 1504 διίλνσε
395 1437 513 1519 πάσας,
540 1437 590 1517 αἷς
605 1442 643 1523 δὴ
660 1449 810 1524 χειμῶνος
825 1441 890 1530 ιδρρ
904 1439 1115 1516 ε’πιπεσοόσαις
1131 1437 1163 1504 τὸ
1179 1435 1283 1526 όροςό

187 1546 312 1627 Ταῦρος
327 1541 507 1608 ἐκαλύπτετο
525 1540 633 1624 σχεδόν
654 1571 682 1608 τι
702 1543 782 1608 ὅλον.
832 1541 941 1628 ῥόακες
957 1535 1011 1606 οὖν
1029 1538 1151 1606 ὖδάτων
1167 1567 1265 1605 ποντα
1292 1549 1327 1604 10

183 1641 280 1725 χόθεν
293 1644 449 1732 ’ξονίρρεον
463 1651 523 1709 τῶν
537 1646 632 1730 ε’κείνη
648 1646 812 1722 σκοπέλων,
833 1647 867 1708 αλ
880 1671 910 1712 τε
925 1643 1083 1731 χαράδραι
1096 1641 1284 1730 χειμάρροος

187 1746 318 1834 άηιέσαν
332 1754 438 1827 πᾶσαν,
461 1749 511 1812 καὶ
526 1745 650 1832 κρήναις
665 1754 792 1824 πολλαῖς
809 1748 843 1811 u‘l
856 1773 886 1812 τε
900 1743 1047 1834 ὖπιόριιαι
1063 1749 1113 1811 καί
1128 1747 1155 1810 oi
1168 1743 1285 1832 πρόπο·

186 1852 238 1924 δες
255 1849 335 1933 δρῶν
351 1850 578 1933 τῶνΤανρείων
589 1847 774 1933 κατάρρυτοι
791 1839 891 1930 ἦσαν.Ἰ
931 1848 1049 1924 τοότοις
1063 1842 1117 1914 uiis
1132 1845 1148 1912 ό
1165 1845 1286 1925 Κόδνος

183 1959 248 2025 τοῖς
262 1949 355 2013 δδασι
369 1950 518 2032 κοματίας
529 1949 736 2040 γεγενημένος,
762 1949 824 2013 ἐπεὶ
844 1950 875 2026 ἒς
896 1947 988 2013 αότὸν
1008 1951 1034 2011 ἓν
1053 1947 1194 2034 γειτόνων
1210 1948 1285 2015 ίίντα

185 2053 401 2132 ἕπεσίβαλλον,
426 2050 493 2132 ἅμα
515 2051 550 2114 δέ
570 2051 671 2115 οἱκαὶ
693 2050 820 2136 όμβρων
843 2050 1055 2136 ἐπιγενομένων
1079 2055 1218 2130 πολλῶν,
1244 2049 1283 2116 ui
1292 2055 1327 2110 15

184 2154 241 2237 μὲν
255 2152 401 2241 Ταρσίων
413 2150 579 2240 προάστεια
592 2149 701 2233 πάντα,
727 2152 785 2219 όσα
798 2153 874 2240 πρὸς
888 2155 1081 2239 μεσημβρίαν
1093 2153 1284 2239 τετραμμένα

79 2269 103 2322 Ρ
121 2269 173 2326 102
187 2254 347 2342 ίτόγχανε,
372 2253 564 2332 κατακλάσας
578 2254 672 2332 εὐθὺς
688 2257 809 2338 ε”ξίτηλα
827 2255 862 2321 τό
877 2253 1022 2343 παράπαν
1044 2256 1154 2319 ἐποίει·
1180 2257 1228 2320 inl
1251 2254 1285 2320 δὲ

185 2361 241 2445 τὴν
258 2356 347 2424 πόλιν
361 2357 528 2447 μορμόρων
545 2356 591 2444 ᾔει
610 2360 661 2423 καλ
680 2359 736 2436 τὰς
755 2355 890 2446 γεφόρας
907 2359 1055 2446 βραχείας
1073 2356 1168 2434 πόσας
1184 2383 1285 2446 περιε-

184 2462 247 2528 loir
258 2459 314 2540 τάς
328 2488 361 2527 τε
376 2462 489 2546 άγορδς
504 2471 635 2545 σννεΐχεν
650 2458 771 2538 ἁπάσας
786 2460 841 2538 τάς
856 2487 886 2526 τε
903 2460 1012 2545 ἀγυιάς
1031 2456 1212 2548 δπερίβλοζε
1233 2461 1285 2525 καλ

184 2576 248 2642 τοῖς
264 2565 356 2642 οἴκοις
371 2567 422 2628 καὶ
439 2560 587 2652 όπερρόοις
603 2563 789 2643 ἐπιπολάζων
809 2565 855 2627 ἐπὶ
878 2565 957 2649 μίγα
974 2561 1089 2650 ἓχιόρει.
1141 2559 1236 2628 νόκτα
1250 2589 1283 2629 τε
1292 2567 1330 2621 20

186 2670 237 2733 καὶ
253 2665 369 2754 ἡμέραν
386 2663 406 2749 ἡ
425 2664 512 2744 πόλις
532 2669 563 2731 ἓν
580 2664 707 2756 κινδόνιρ
726 2666 876 2752 διαγίγονε
892 2669 942 2730 καὶ
960 2665 1044 2754 σάλιρ
1064 2663 1209 2755 τοιοότιρ,
1234 2668 1286 2730 καὶ

184 2769 275 2867 μόλις
289 2772 320 2835 ἓν
335 2767 456 2859 ὕστάτιρ
470 2767 486 2834 ὅ
501 2770 637 2853 ποταμὸς
649 2760 737 2847 οὗτος
750 2770 828 2834 κατά
840 2767 943 2862 βραχδ
957 2765 1165 2856 άπολωηῆσας
1180 2770 1212 2834 ἐν
1223 2777 1286 2846 τοῖς

187 2871 314 2939 εἰωθόσι
325 2873 442 2958 γε’γονεν
457 2864 559 2948 αὖθις.
611 2871 688 2958 άπερ
701 2873 763 2938 ἐπεὶ
775 2871 1136 2955 βασιλεδςἸοοστιιίανδς
1149 2870 1285 2954 ἥκουσιν,

187 2973 300 3042 ἐπενόει
315 2975 428 3047 τοιάδε.
479 2981 586 3062 πρῶτα
602 2976 658 3058 μὲν
674 2973 779 3063 ἓτίραν
796 2976 854 3062 πρὸ
872 2982 926 3058 τῆς
941 2971 1057 3050 πόλεως
1071 2970 1285 3038 διεσκευάσατο

185 3086 231 3170 τῷ
253 3084 383 3168 ποταμῷ
406 3077 524 3161 κοίτην,
550 3076 634 3154 ὅπως
654 3079 789 3143 λνταῦθα
812 3073 1038 3162 διασχιζόμενος
1059 3071 1231 3164 ἔκαείρωδί
1253 3081 1328 3142 τελὸ

255 3255 298 3310 10.
315 3249 495 3324 ἐκαλύπτετο]
512 3248 679 3308 tumeliam
695 3251 788 3309 Toloa.

187 3405 239 3460 ulla
256 3404 416 3457 cunctatione
434 3405 561 3470 restitnit,
579 3405 740 3476 pristinoque
751 3406 826 3460 alueo
845 3421 892 3460 reu
910 3405 993 3472 lecto,
1010 3409 1039 3458 ut
1055 3408 1165 3471 vocant,
1182 3401 1286 3458 fluvium

187 3474 306 3529 reddidit.
340 3477 413 3525 ilaec
423 3473 458 3525 ibi
470 3480 584 3542 pernota.

256 3543 354 3597 Urbem
364 3542 473 3594 Tarsum
484 3540 578 3593 flumen
588 3541 694 3610 Cydnus
712 3541 836 3597 interluit.
870 3541 897 3596 ls
908 3542 972 3595 alias
982 3558 1084 3612 semper
1095 3540 1226 3604 innoxius,
1244 3557 1287 3594 se-

187 3613 237 3667 mel
248 3629 353 3680 gravem
365 3610 499 3680 perniciem
511 3608 612 3676 attulit,
630 3611 679 3663 bac
689 3608 819 3664 decanea.
854 3611 965 3664 Circiter
975 3610 1159 3681 aequinoctium
1171 3627 1286 3676 vernum,

188 3689 293 3735 coortus
309 3688 416 3749 repente
434 3689 521 3731 auster
532 3680 667 3731 vehemens
678 3677 761 3730 nivem
774 3678 877 3749 pertitus
888 3680 1021 3744 dissolvit,
1038 3696 1102 3748 quae
1118 3695 1164 3748 per
1181 3677 1288 3732 hiemem

188 3752 258 3803 melo
270 3748 394 3814 demissa,
413 3756 523 3800 montem
533 3748 647 3799 Taurum
659 3764 724 3818 pene
734 3754 816 3800 totum
828 3750 943 3816 tegebat
978 3751 1045 3802 Tum
1058 3764 1089 3798 ex
1101 3747 1216 3801 omnibus
1228 3765 1289 3800 sco·

189 3819 254 3890 pulis
273 3834 394 3886 aquarum
411 3817 461 3867 rivi
478 3816 626 3881 conllucrc3
644 3816 741 3868 cunctis
752 3833 828 3868 ruere
839 3824 967 3871 torrentes
978 3816 1072 3878 alveis3
1090 3816 1182 3885 passim
1195 3834 1227 3869 ex
1238 3813 1288 3870 imo

189 3889 278 3942 Tauro
290 3887 394 3954 eiusque
407 3884 534 3937 radicibus
546 3887 632 3938 fontes
643 3903 754 3938 manare.
790 3885 839 3937 His
852 3885 957 3954 Cydnus
972 3885 1043 3954 equis
1053 3883 1176 3950 turgidus,
1194 3885 1290 3954 quippe

189 3973 259 4025 quae
270 3956 318 4023 ipsi
331 3973 362 4006 ex
375 3954 515 4024 propinquo
526 3953 682 4018 influebant,
698 3953 770 4005 simul
781 3962 870 4006 auctus
882 3955 996 4006 imbrium
1011 3951 1050 4015 vi3
1068 3952 1146 4004 Tarsi
1160 3953 1291 4017 suburbia,

188 4025 222 4077 ad
235 4023 362 4077 meridiem
374 4025 494 4088 obversa,
509 4021 593 4075 subita
606 4022 775 4076 exundatione
787 4023 901 4075 funditus
912 4022 996 4074 delet:
1012 4021 1100 4072 urbem
1112 4021 1210 4074 invadit
1221 4039 1291 4076 mur·

189 4110 307 4146 murana:
326 4101 418 4161 pontes
434 4091 562 4161 impendio
578 4092 685 4144 minores
699 4091 840 4148 disturbati
857 4092 909 4143 late
920 4093 976 4142 loru
987 4099 1095 4159 occupat
1106 4092 1204 4153 omnia,
1221 4108 1292 4142 com·

189 4162 246 4234 pita
265 4163 370 4229 mergit:
389 4163 519 4212 domorum
538 4160 660 4212 cubiculis
678 4179 710 4213 ac
722 4159 865 4212 coenaculis
877 4159 1009 4222 innatans,
1026 4159 1108 4226 mugio
1122 4167 1198 4226 atque
1210 4159 1292 4226 magis

191 4230 326 4284 attollitur.
360 4230 470 4282 Noctem
481 4246 511 4281 ac
522 4228 588 4280 diem
599 4245 674 4280 unum
692 4229 784 4281 civitas
796 4229 821 4280 in
835 4226 955 4280 eiusmodi
972 4226 1086 4296 periculo
1099 4245 1131 4282 ac
1142 4227 1221 4279 voluti
1234 4228 1291 4280 salo

190 4299 333 4371 procelloso
352 4306 456 4355 versata
476 4306 523 4351 est.
559 4298 662 4350 δασεῖαι
680 4298 814 4351 subsidens
833 4296 925 4348 fluvius
944 4296 990 4348 vix
1010 4296 1113 4348 totidem
1133 4313 1163 4348 sc
1182 4297 1291 4366 recepit.

192 4370 268 4432 Quae
280 4385 335 4420 cum
347 4367 460 4420 audisset
473 4368 533 4437 imp.
546 4365 714 4432 Iustinianua‚
731 4367 782 4419 boc
792 4367 919 4418 inventum
931 4364 1055 4418 adhibuit.
1091 4365 1234 4448 Principio,
1253 4366 1293 4416 al-

191 4444 275 4490 temm
290 4438 390 4492 alveum
408 4435 504 4490 flumini
521 4443 582 4491 ante
598 4436 686 4491 urbem
705 4436 806 4490 molitus
824 4441 877 4500 est;
894 4441 923 4488 ut
939 4433 976 4491 ibi
989 4433 1100 4490 diuortio
1112 4433 1200 4488 divisis
1210 4433 1294 4504 aquis,
