3125 4959
569 433 714 504 NOTAE
736 432 963 504 unusual.
1241 433 1317 508 363

297 601 333 660 Ρ.
357 595 410 675 43,
433 600 485 664 11.
526 600 606 660 Dus
632 601 687 660 ills
712 620 842 659 narrare
862 596 998 680 solebat]
1026 599 1184 660 Mirificam
1210 601 1320 662 lustini

211 686 422 747 liberationem
443 686 499 744 alii
519 699 640 768 quoque
661 687 860 764 scripserunt,
881 687 1011 744 Ioannes
1031 689 1181 763 Zonaras,
1206 685 1320 746 Cedre-

211 792 280 845 nus,
302 783 334 829 et
346 768 546 849 Ephraemius
566 773 601 830 iu
622 767 781 846 chronico3
803 789 909 830 verum
931 773 992 830 alia
1011 773 1101 850 plane
1124 772 1161 830 ab
1183 770 1242 831 hac
1263 782 1320 848 est,

213 875 307 937 quam
334 858 497 935 Procopius
524 858 687 934 contigisse
714 856 844 915 affimat
871 857 905 912 in
926 857 1046 916 Isauros
1068 859 1169 936 copias
1192 857 1321 930 ducente

211 944 325 1000 Ioanne
347 942 454 1018 Gibbo,
476 942 532 1000 sub
555 945 641 1000 ouius
661 951 807 1021 potestate
829 951 896 999 tum
917 941 1026 1019 agebat
1046 944 1188 1014 Iustinus,
1210 963 1323 1022 nempe

211 1027 298 1084 initio
319 1029 504 1107 principatus
521 1028 689 1100 Anastasii3
710 1046 785 1084 nam
805 1036 942 1085 extremo
964 1024 1101 1085 eiusdem
1121 1029 1249 1107 imperio
1269 1031 1323 1086 Iu·-

204 1114 307 1170 -stinus
330 1122 393 1170 erat
415 1113 577 1193 patricius,
599 1123 736 1184 senator,
758 1120 789 1170 et
811 1130 911 1169 comes
932 1114 1209 1190 praetorianorum
1229 1110 1323 1193 idque

211 1199 309 1274 magis
330 1216 366 1255 ac
385 1200 485 1275 magis
506 1197 672 1270 confirmat,
697 1193 778 1276 quod
796 1196 979 1254 lastinianus
996 1198 1104 1262 Iustini
1123 1217 1229 1277 nepos,
1253 1217 1324 1256 cum

212 1283 327 1340 Gibbus
350 1281 491 1341 ductabat
513 1284 695 1356 exercitum,
718 1281 809 1359 plane
829 1299 906 1359 puer
927 1290 1006 1355 erat,
1028 1300 1127 1362 neque
1149 1285 1324 1342 versabatur

210 1368 378 1440 incastris,
399 1378 434 1426 ut
456 1369 589 1433 criminis
610 1376 663 1424 aut
683 1366 809 1424 carceris
831 1366 984 1441 avunculi,
1009 1385 1086 1446 quae
1100 1365 1236 1426 historici
1249 1387 1323 1426 aar·

210 1462 294 1527 rant,
316 1453 415 1511 socius
443 1473 509 1512 esse
529 1462 648 1531 posset:
675 1471 750 1509 uam
770 1448 944 1508 candidatu
965 1452 1098 1526 militia,
1121 1449 1324 1531 quemadmo-

211 1535 287 1594 dum
307 1539 349 1595 ait
370 1539 473 1596 Victor
486 1538 671 1610 Tunnensis,
696 1537 819 1595 functus
841 1546 887 1594 eat
907 1536 962 1596 suh
985 1537 1108 1594 initium
1128 1539 1248 1616 imperii
1269 1540 1324 1596 Iu-

211 1623 294 1679 stini.
336 1623 420 1700 Ergo
441 1619 574 1681 secundo
595 1623 728 1680 lustinus
754 1623 787 1678 in
809 1640 959 1680 carcerem
983 1622 1020 1679 ab
1041 1625 1201 1682 Anastasio
1225 1625 1321 1680 conii-

212 1706 290 1762 citur
309 1724 379 1763 cum
400 1707 567 1783 Iustiniana
589 1716 700 1785 nepote
720 1716 793 1764 tuuc
814 1709 976 1786 trigenario
998 1709 1112 1766 maiore
1133 1706 1321 1786 perduellio·
1345 1726 1350 1732 ·

210 1791 260 1848 nis
289 1789 492 1850 insimulatus.
535 1793 671 1872 Eripitur
697 1810 769 1850 vero
794 1811 855 1850 non
886 1811 921 1850 ea
942 1789 1076 1851 hominis
1097 1796 1198 1871 specie
1224 1812 1322 1872 appa-

210 1885 296 1932 rente
327 1875 375 1955 (at
398 1878 531 1936 Zonaras
554 1887 584 1937 et
613 1877 665 1935 alii
690 1876 845 1955 scribunt)
875 1896 979 1958 quam.
994 1875 1045 1937 hic
1067 1879 1163 1938 Gibbo
1192 1880 1321 1936 militiae

210 1961 355 2038 magistro
384 1964 560 2041 apparuisse
584 1964 748 2042 Procopius
777 1963 889 2036 refert;
919 1961 975 2022 sed
1005 1965 1077 2022 visis
1103 1983 1159 2042 per
1187 1967 1321 2044 quietem

210 2047 371 2106 Anastasio
402 2047 576 2126 imperatori
603 2048 711 2126 Sergio
743 2057 774 2106 et
804 2045 925 2106 Baccho
956 2049 1160 2128 martyribus,
1193 2067 1323 2129 quorum

211 2150 332 2189 summa
359 2141 424 2189 erat
453 2131 536 2212 apud
555 2131 712 2192 Dardanos
735 2144 766 2190 et
786 2134 960 2212 lllyrienses
980 2137 1153 2207 veneratio,
1184 2143 1214 2191 et
1242 2131 1325 2212 apud

210 2213 267 2274 hos
289 2217 371 2294 ipsos
392 2218 577 2277 contribules
598 2229 689 2299 atque
710 2219 838 2296 gentiles
859 2221 1010 2278 lustinum
1027 2228 1057 2276 et
1073 2219 1282 2292 lastinianum,
1306 2237 1325 2276 a

212 2301 322 2379 quibus
346 2303 438 2379 paulo
457 2313 526 2380 post
545 2304 802 2381 superbissimum.
818 2307 968 2382 templum
990 2301 1029 2360 ad
1050 2303 1157 2361 urbem
1178 2302 1325 2362 Scodram

211 2386 442 2464 Barbenamque
467 2387 594 2443 fluvium
614 2386 724 2444 iisdem
745 2389 852 2466 Sergio
873 2397 903 2446 et
921 2385 1040 2447 Baccho
1062 2391 1245 2468 martyribus
1267 2407 1325 2446 ex-

212 2473 341 2528 citatum
364 2471 439 2544 fuit,
468 2480 505 2529 ut
529 2472 667 2549 pluribus
688 2476 821 2530 rrarravit
842 2471 1034 2552 Theophilus
1052 2476 1212 2532 Iustiniani
1234 2493 1326 2553 prae-

212 2566 327 2634 ceptor.
369 2558 473 2614 Prima
499 2557 554 2614 illa
581 2559 703 2616 IoanuIs
725 2557 832 2630 Gihbi,
863 2568 893 2616 et
918 2557 1052 2632 secunda
1077 2557 1152 2618 haec
1172 2560 1325 2618 Anastasii

210 2642 401 2719 imperatoris
428 2643 505 2700 visio
533 2643 566 2699 in
589 2661 625 2700 ea
646 2661 720 2700 voce
741 2649 833 2721 saue
855 2647 1055 2719 conveniunt,
1085 2643 1169 2725 quod
1190 2647 1325 2703 Iustinus

212 2727 339 2803 eiusque
359 2728 522 2805 propinqui
542 2727 636 2785 futuri
658 2739 776 2804 essent,
799 2739 832 2786 ut
854 2729 982 2787 cedreni
1005 2731 1104 2788 verbis
1123 2741 1206 2803 utar,
1229 2726 1324 2808 σκεύη

211 2804 364 2890 ruossano?
383 2813 439 2888 τῆς
459 2813 615 2873 cotidiaci
636 2813 751 2892 βουλῆς
775 2836 807 2876 τε
829 2813 881 2876 cul
903 2816 1067 2894 προνοίας,
1089 2814 1142 2877 καὶ
1166 2813 1326 2894 μέλλουσιν

211 2893 408 2974 ὑπουργῆσαι
424 2896 469 2973 τῷ
488 2897 555 2976 θεῷ
575 2893 698 2969 ἕκαστος
714 2897 748 2959 ἐν
767 2905 832 2972 τοῖς
851 2904 969 2980 καιροῖς
991 2896 1098 2976 arisati,
1121 2921 1201 2956 vasa
1223 2901 1327 2955 consi-

126 3044 129 3048 ,
211 2979 257 3038 lio
274 2976 490 3058 providentiae
511 2977 635 3036 divinae
653 2981 824 3057 exequendo
847 2995 941 3061 opta,
970 2994 999 3040 et
1022 2994 1148 3063 uterque
1167 3003 1226 3040 suo
1246 2994 1326 3041 tem-

205 3061 359 3145 peredeo
380 3073 457 3122 esset
478 3084 601 3142 operum
621 3077 808 3124 uacaturus.

297 3152 333 3207 P.
351 3148 403 3223 44,
426 3153 457 3213 6.
499 3151 712 3227 I’rcetoriuois
733 3150 889 3210 militibus
902 3150 1095 3232 praefectus]
1118 3153 1235 3210 Horum
1249 3154 1322 3232 plu·
1338 3153 1361 3208 P
1380 3157 1430 3211 101

212 3253 261 3292 res
275 3232 405 3307 ordines,
427 3231 580 3310 scholarii,
602 3233 768 3312 domestici,
791 3247 985 3316 protectores,
1008 3239 1177 3312 silentiarii,
1200 3235 1238 3296 de
1253 3241 1324 3319 qui-

212 3318 270 3376 bus
293 3320 419 3396 Procop.
442 3317 522 3374 iufra
542 3338 573 3395 p.
593 3321 654 3380 108
677 3331 708 3379 et
730 3321 883 3400 deinceps.
926 3324 976 3379 Ex
997 3320 1045 3380 his
1068 3324 1121 3380 alii
1141 3325 1174 3380 in
1197 3327 1272 3382 atrio
1295 3334 1325 3382 et

211 3403 364 3462 vestibulo
386 3403 486 3480 regiae
507 3403 719 3476 versabantur,
742 3406 795 3460 alii
817 3425 872 3482 pro
895 3407 1039 3464 cubiculis
1062 3405 1258 3479 desidebaut3
1291 3406 1325 3465 hi

213 3481 490 3568 σωματοφύλακες,
513 3490 650 3566 corporis
670 3486 828 3561 custodes,
850 3490 957 3545 Latine
980 3509 1052 3548 vero
1075 3491 1270 3567 excubitores,
1292 3503 1328 3550 ut

213 3584 260 3637 est
278 3571 373 3654 apud·
385 3573 551 3651 Evagrium
573 3569 635 3635 1.4
657 3594 683 3632 c.
703 3575 722 3635 1
746 3584 776 3631 et
793 3575 824 3635 2.
866 3575 915 3630 llli
935 3569 1070 3650 φύλακες
1091 3580 1148 3637 τοῦ
1168 3577 1326 3653 παλατίου,
1344 3583 1369 3637 A
1388 3585 1421 3640 17

212 3657 354 3718 custodes
371 3658 508 3737 palatii,
525 3662 681 3737 praetorii
700 3659 833 3737 milites,
855 3678 910 3718 seu
928 3665 1139 3740 praetoriani,
1162 3663 1257 3720 aulae
1278 3665 1329 3722 vel

214 3745 314 3803 aulici
330 3744 461 3821 milites,
490 3753 524 3801 ut
546 3746 658 3822 Evagr.
680 3742 755 3802 ibid.
775 3745 964 3824 praefectum
986 3743 1035 3805 his
1056 3746 1211 3806 ordinibus
1232 3750 1330 3806 comi-

213 3841 275 3888 tem
290 3832 575 3908 praetorianorum,
596 3848 651 3887 sau
672 3829 882 3893 excubitorum
904 3832 1038 3909 appellat
1058 3831 1243 3908 lornandes,
1271 3829 1330 3913 ἅρ-

214 3919 388 3995 χοντο.το5ν
408 3908 556 3993 φυλάκων
571 3917 627 3976 τοῦ
646 3916 809 3992 πολοτλοο,
824 3918 998 3994 principem
1018 3915 1181 3978 custodum
1197 3919 1329 4000 palatii,

213 4003 391 4080 Procopius.
434 4001 582 4079 corippus
604 4020 713 4058 curam
725 4001 848 4080 palatii
867 4001 890 4059 l.
912 4003 944 4063 2.

343 4087 584 4164 Dispositorque
603 4106 702 4144 novus
721 4106 831 4143 sacrae
850 4085 1034 4146 Badoarius
1054 4088 1151 4146 aulae

343 4172 508 4229 Successor
527 4172 625 4228 soceri
636 4168 752 4249 sactus
772 4191 844 4228 mox
864 4191 941 4229 cura
958 4173 1063 4251 palati
1081 4181 1135 4233 eat.

214 4254 323 4313 Graeci
338 4248 591 4338 Κουροπολᾶτην,
608 4253 719 4314 deinde
733 4251 1077 4337 πρωτοκουοοπαλᾶτην,
1098 4256 1245 4315 niurirum
1258 4275 1329 4315 cum

214 4339 411 4417 imperatores
439 4361 477 4400 eo
504 4343 629 4401 nornine
658 4343 735 4402 alios
757 4339 869 4400 donare
896 4339 1020 4412 honoris
1053 4361 1125 4422 ergo
1155 4351 1328 4422 coeperunt.

214 4425 297 4483 Mala
322 4427 535 4508 interpretatur
563 4427 704 4489 octavius
733 4444 754 4486 a
784 4426 920 4508 Rosberg
943 4439 1175 4509 procuratorem
1196 4425 1328 4510 palatii.
