3125 4959
484 450 493 480 κ,
584 419 730 490 soris
754 421 982 492 smmum
1206 416 1340 520 *4⁵1

229 585 322 646 rebus
340 581 528 665 praeessent]
560 584 781 661 Tribonianus,
811 588 943 648 loannes
972 584 1155 670 cappadox,
1184 584 1339 667 Addaeus,

229 673 336 730 Petrus
364 675 540 744 Barsames,
569 669 745 746 Aetherius,
779 673 812 730 iu
842 674 972 734 surnmis
1002 674 1146 753 gradibus
1166 678 1339 736 ‚Iustiniana

228 777 349 834 semper
370 758 517 816 carissimi
537 756 670 832 fuerunt,
693 779 821 838 quorum
842 759 956 838 flagitia
976 781 1083 820 omues
1105 763 1271 841 loquuntur
1291 760 1343 820 bi-

228 845 347 900 storiae.
391 842 425 900 Si
447 863 518 902 reru
541 843 579 899 ab
601 841 649 902 his
670 841 848 901 numerandi
871 847 1056 924 principium
1079 846 1181 921 ducas,
1203 849 1341 927 aliosque

226 923 274 984 his
297 925 408 1000 addas,
430 947 506 1006 quos
527 930 695 1006 Evagrius,
717 927 878 1006 Agatbias,
899 932 1066 1012 Procopius
1088 936 1120 991 in
1143 934 1268 1014 reliquis
1289 931 1342 990 bi-

226 1014 336 1070 storiae
358 1013 461 1086 libris,
484 1011 705 1092 Theophanes,
729 1012 856 1091 Suidas,
884 1015 997 1097 aliique
1019 1020 1182 1098 scriptores
1203 1039 1341 1077 comme-

224 1109 362 1171 morant,
386 1101 542 1176 explorata
566 1101 655 1178 plene
677 1120 725 1158 res
747 1103 814 1158 erit.

311 1185 347 1241 P.
371 1188 442 1259 123,
465 1187 496 1249 8.
545 1183 735 1242 Theodotum
756 1187 845 1244 ineo
864 1181 968 1264 gradu
989 1185 1159 1263 collocent]
1186 1177 1449 1246 tanumeros

225 1277 333 1325 extant
355 1269 471 1348 aliquot
491 1272 651 1327 Iustiniani
678 1271 835 1344 novellae,
867 1290 977 1348 nempe
998 1274 1068 1333 112.
1111 1273 1157 1328 De
1185 1273 1338 1350 litigiosis,

225 1363 257 1410 et
279 1356 413 1434 quinque
435 1353 506 1411 huic
528 1358 705 1431 proximae3
729 1375 808 1433 quae
832 1353 920 1414 datae
945 1365 1025 1412 sunt-
1041 1359 1127 1414 lusr.
1149 1359 1231 1415 Auc.
1254 1361 1338 1416 Anu.

223 1455 283 1498 xv.
306 1441 450 1496 Bassum.
472 1441 508 1496 V.
530 1441 564 1496 G.
589 1458 677 1498 com.
721 1440 842 1498 Eodem
864 1442 979 1498 scilicet
1001 1459 1099 1516 arruo,
1128 1461 1187 1520 quo
1209 1445 1339 1502 loannes

224 1522 390 1601 Cappadox
411 1526 444 1580 iu
466 1525 595 1581 exilium
617 1527 723 1603 pulsus
747 1536 809 1600 est,
825 1528 893 1604 ¹qui
922 1526 982 1582 suit
1004 1523 1140 1584 decimus
1162 1529 1226 1586 eius
1248 1547 1339 1606 prae-

223 1609 375 1683 fecturae,
404 1619 438 1666 ut
459 1607 551 1667 habet
573 1613 738 1689 Procopius
759 1612 781 1668 l.
803 1614 819 1673 1
842 1611 914 1668 bell.
938 1604 1022 1667 Pers.
1052 1605 1194 1690 Ἰωάννης
1216 1614 1339 1674 δέκατον

221 1691 288 1766 ἔτος
309 1689 369 1774 τήν
393 1687 489 1773 οἷρχήν
511 1694 595 1774 ἔχων,
618 1696 749 1754 Ioannes
771 1696 870 1752 decem
886 1701 920 1752 in
933 1693 1087 1773 dignitate
1107 1719 1207 1755 annos
1228 1701 1340 1777 exegit:

222 1777 352 1836 totidem
374 1783 456 1836 enirn
477 1781 650 1838 numerabis
674 1781 718 1847 ab,
735 1801 815 1838 anno
837 1783 935 1860 primo
953 1791 1021 1859 post
1039 1783 1230 1841 consulatum
1244 1786 1338 1843 Lern·
1354 1783 1378 1838 A
1393 1783 1430 1840 99

221 1863 307 1942 padii
329 1875 358 1922 et
380 1867 509 1941 Orestis,
539 1865 661 1948 quando
685 1871 765 1947 cepit
785 1869 928 1927 Ioannes
935 1868 1174 1946 praefecturam,
1204 1868 1244 1928 ad
1265 1889 1340 1928 cou-

221 1951 357 2008 sulatum
371 1952 488 2009 Basilii.

307 2037 344 2093 Ρ.
371 2036 449 2109 123,
474 2037 525 2098 10.
577 2038 691 2095 Petrus
722 2033 853 2116 quidam
879 2056 986 2116 genere
1014 2037 1112 2113 Syrus
1140 2048 1337 2114 cognomento

220 2119 401 2200 Barsames]
422 2123 577 2180 Habemus
600 2121 638 2179 ad
659 2120 742 2180 huuc
763 2123 895 2200 plurima
915 2123 1072 2184 Iustiniani
1093 2126 1247 2201 rescripta.
1289 2125 1337 2181 De

221 2205 333 2264 eodem
355 2209 396 2264 ita
418 2209 479 2286 legi
501 2211 533 2264 in
555 2209 694 2288 πατρίοις
708 2210 768 2266 GP.
793 2203 845 2269 rie
864 2202 993 2270 παλαιὸν
1017 2205 1134 2285 Πέτρον
1152 2205 1270 2285 Πέτρος
1291 2231 1338 2283 τις

220 2293 380 2372 πατρίκιος
410 2292 460 2355 ἐπὶ
487 2298 552 2368 τοῖς
580 2289 701 2374 χρόνοις
726 2287 942 2356 Ἰονστινιανοῦ
967 2296 1023 2354 τοῦ
1051 2286 1183 2373 μεγάλου
1211 2293 1337 2356 ἔκτισεν.

220 2374 325 2456 ἔλεγον
347 2374 380 2438 di
403 2373 494 2442 αυίὸν
516 2373 728 2458 Βοροομιανὸν
751 2373 803 2440 τὸν
826 2373 931 2459 Σύρον
954 2373 1067 2450 πολλὰς
1089 2371 1183 2458 α’ρχοὲς
1202 2382 1247 2462 τῷ
1268 2376 1337 2442 τότε

218 2457 321 2544 χρόνῳ
347 2455 512 2526 dedocere.
561 2465 695 2523 Veterem
717 2463 873 2522 eeclesiam
894 2466 997 2522 sancti
1021 2466 1104 2521 Petri
1125 2475 1258 2542 tempore
1278 2464 1339 2523 Iu-

217 2547 351 2604 stiniani
370 2546 481 2628 magni
501 2551 613 2608 Petrus
637 2547 767 2628 quidum
790 2551 946 2628 patricius
974 2546 1171 2628 aedificavit3
1202 2551 1338 2608 cuicu-

214 2649 346 2708 gnomen
367 2644 434 2690 erut
455 2636 681 2694 Buarsimiano
703 2637 791 2712 Syre,
813 2637 870 2714 qui
890 2645 966 2692 tunc
984 2637 1100 2692 multoe
1115 2637 1213 2714 gessit
1234 2637 1338 2714 magi-

218 2725 345 2775 stratus.
388 2718 615 2774 Praefecturam
636 2722 744 2777 aerarii
767 2719 900 2778 eundem
920 2717 1146 2778 administrasse
1160 2721 1337 2798 paulopost

217 2801 383 2880 Procopius
412 2811 639 2860 commemorat.
683 2804 737 2860 Bis
758 2804 948 2880 praefectum
969 2806 1136 2880 praetorio,
1166 2805 1212 2861 bis
1235 2806 1335 2860 comi-

217 2895 282 2944 tem
303 2887 497 2964 largitionum
516 2888 627 2961 fuisse,
659 2883 771 2945 diversi
793 2889 984 2946 novellarum
1008 2888 1089 2944 tituli
1112 2885 1332 2950 demonstrant.

303 2974 339 3030 Ρ.
363 2970 432 3047 121,
457 2973 507 3034 11.
552 2973 681 3031 Nomine
702 2970 856 3052 collector]
883 2974 982 3030 Locus
1003 2975 1036 3028 iu
1058 2973 1172 3031 Graeco
1196 2984 1241 3030 est
1264 2993 1333 3032 cor-

217 3059 420 3136 ruptissimus,
443 3054 542 3138 ὅνομο
561 3055 660 3131 τιθεὶς
676 3053 733 3135 τὴν
753 3061 866 3138 πρᾶξιν
886 3052 943 3138 τήν
966 3053 1126 3139 ᾳνλλογήν,
1141 3079 1255 3127 ¹nomen
1273 3061 1335 3116 im.

211 3163 330 3220 ponens
351 3145 397 3199 rei
421 3143 636 3202 collectionem.
681 3141 811 3219 suidas,
835 3137 963 3226 συλλογὴ
985 3138 1086 3223 ὄνομα
1107 3137 1212 3226 οἶρχῆς.
1258 3143 1335 3205 Cot-

214 3227 305 3286 lectio
326 3247 433 3286 nornen
457 3238 503 3285 eet
528 3232 746 3308 magistratus.
1148 3276 1152 3282 .

301 3314 338 3370 Ρ.
364 3314 439 3386 126,
462 3309 494 3373 4.
537 3314 611 3370 Hoc
632 3335 712 3372 onus
732 3313 841 3372 νοοονί
869 3332 993 3371 annona
1020 3310 1195 3393 consuevit]
1226 3309 1334 3373 Codex

215 3400 440 3476 manuscriptus
467 3398 600 3456 Graecus
623 3389 717 3456 babet
744 3403 911 3472 ουνωνεῖν,
941 3408 972 3456 et
999 3396 1080 3454 infra
1108 3393 1250 3478 corruerit
1277 3396 1333 3458 sed

215 3495 380 3566 utrumque
410 3480 484 3564 quid
512 3480 581 3541 est-l
610 3485 671 3540 Nos
694 3476 855 3561 ἆννῶνην,
883 3503 938 3542 seu
960 3474 1104 3544 circuiens
1124 3484 1273 3562 legimus,
1301 3491 1333 3542 et

215 3568 404 3649 interpretati
425 3588 547 3642 sumus,
577 3569 714 3647 apposite
737 3565 777 3625 ad
799 3588 876 3626 rem.
919 3569 976 3626 Ille
1003 3568 1195 3626 librariorrun
1217 3578 1261 3625 est
1282 3569 1331 3624 la-

214 3671 305 3732 psus,
334 3656 387 3736 qui
408 3657 565 3713 Latineam
593 3671 700 3710 rocem
727 3672 790 3711 uon
811 3663 884 3713 sunt
909 3654 1048 3712 assecuti.
1091 3655 1185 3722 Miror
1200 3650 1330 3710 Suidam

214 3739 247 3796 iu
270 3759 325 3799 suo
347 3738 451 3799 codice
472 3738 617 3798 mendum
635 3758 696 3796 nou
718 3736 986 3809 aniruadrertisse3
1009 3757 1082 3795 nam
1102 3737 1330 3799 indictiouario

214 3823 248 3882 iu
269 3825 370 3884 littera
388 3829 419 3887 Σ
437 3827 539 3904 posuit
559 3844 665 3884 rocem
686 3819 828 3901 σννωνή,
851 3819 911 3881 hac
931 3827 1049 3900 integra
1071 3819 1161 3880 huius
1182 3819 1330 3880 historiae

213 3905 364 3989 descripta
386 3913 539 3990 pericopa.
581 3908 657 3969 Vide
677 3919 783 3966 notam
804 3904 844 3964 ad
864 3928 896 3987 p.
918 3912 990 3971 102.

298 3997 335 4052 P·
360 4000 439 4072 127,
461 3998 492 4059 9.
537 3996 636 4054 Nulla
659 3994 862 4074 propinquis,
893 3993 944 4051 vel
963 3991 1075 4049 amicis
1095 3991 1129 4047 in
1158 3987 1214 4046 illo
1227 3988 1332 4067 firma

212 4087 354 4157 certaque
385 4101 453 4160 sper
482 4079 703 4158 ostenderetur]
743 4079 788 4135 De
816 4078 996 4156 propinquis
1032 4085 1063 4132 et
1094 4077 1330 4153 consanguineis

212 4165 298 4222 nullo
321 4165 389 4224 loco
410 4165 522 4226 habitis
541 4185 558 4224 a
578 4168 754 4237 iusticiam,
775 4164 844 4240 lege
866 4161 1106 4219 coniurationem
1119 4163 1329 4240 Arsaciauam‚

213 4268 305 4330 quam
326 4251 493 4330 Procopius
516 4250 656 4309 describit
678 4252 700 4307 l.
723 4254 741 4310 3
763 4249 835 4305 bell.
858 4243 963 4304 Gottb.

296 4335 332 4392 Ρ.
356 4338 429 4411 128,
451 4342 482 4402 6.
527 4337 696 4397 Iniurinuta
711 4337 862 4414 pecunia,
888 4353 968 4410 quae
987 4327 1193 4388 sublevandis
1213 4329 1314 4388 multo

196 4419 284 4480 ¹rum
303 4419 392 4480 rebus
413 4426 584 4503 quotannis
604 4417 813 4503 impartienda
833 4419 911 4498 erat]
937 4419 1075 4477 Fortasse
1098 4415 1158 4478 boc
1178 4427 1225 4477 est
1247 4411 1331 4497 quod
