3125 4959
220 445 294 518 358
567 445 615 515 IN
637 445 749 515 mss.
776 444 974 513 ARCANAM

209 611 312 693 figere
329 610 480 688 potnerit,
507 629 605 690 neque
626 610 719 668 certia
738 607 901 668 itineribus
917 605 1078 688 progredi,
1106 605 1164 668 ced
1184 617 1248 668 toto
1269 587 1324 668 leoc-

218 698 403 773 temporie
373 695 547 755 clanculum
567 696 734 772 fugitum,
764 693 804 752 ab
832 715 895 752 reno
921 699 1078 753 maritimo
1094 693 1253 774 praesidio
1282 691 1329 752 ad

218 778 363 838 alieedl
333 782 429 840 classe
447 778 657 857 deveheretur,
687 775 767 836 rende
794 789 881 839 tanto
907 783 1044 840 securius
1072 780 1172 839 hostes
1191 781 1326 840 Romam.

216 875 245 924 et
279 877 396 926 caetera
431 866 539 924 omnia
569 862 788 942 subiugarnnt.
837 867 1001 924 Perusiam
1036 885 1106 924 vero
1140 867 1326 946 primariam

221 951 350 1010 insciae
371 954 544 1012 civitatem
557 945 629 1006 dira
654 947 810 1008 obsidione
837 953 968 1008 cinctam
995 951 1136 1031 reliquit,
1161 972 1240 1029 qrtoe
1269 950 1324 1008 ttlo

213 1039 406 1112 Byzantium
427 1030 616 1094 contendente
621 1045 746 1114 ,copta
756 1035 839 1113 snit.
881 1037 963 1094 Haec
983 1037 1062 1095 infra
1083 1039 1265 1116 Procopius,
1292 1057 1325 1115 p

215 1123 258 1182 23
282 1131 313 1178 et
335 1118 389 1184 24.

300 1205 337 1261 Ρ.
354 1206 411 1277 37,
434 1207 466 1267 7.
513 1201 608 1263 Vtrae
632 1203 860 1282 cogitationum
881 1223 1001 1282 poenae
1032 1201 1147 1282 exegit]
1181 1205 1235 1262 His
1262 1203 1325 1261 fere

214 1287 315 1346 verbis
336 1285 506 1346 HerodIano
527 1289 692 1346 belisarius
713 1289 847 1348 minatus
869 1299 929 1362 est,
958 1299 993 1346 ut
1013 1286 1143 1346 habetur
1167 1287 1188 1346 1.
1210 1292 1230 1350 3
1252 1287 1325 1345 bell.

214 1370 319 1430 Gotth.
342 1374 394 1430 nbi
415 1385 446 1432 et
466 1371 606 1431 eiusdem
625 1371 791 1432 Herodian
812 1373 852 1434 ad
872 1375 1010 1434 Totilam
1031 1371 1172 1449 defectIo,
1195 1369 1326 1430 deditio·
1398 1445 1402 1456 Ι

215 1477 275 1538 que
296 1458 414 1535 Spoleti
434 1468 584 1517 narratur.

298 1545 334 1601 P.
348 1546 399 1619 87,
415 1547 477 1607 12.
510 1541 828 1620 somersetam]
850 1544 896 1600 De
911 1543 1061 1602 Vitaliano
1079 1541 1160 1601 infra
1178 1539 1217 1600 ad
1238 1561 1270 1622 p
1262 1545 1326 1606 .30

213 1626 267 1684 lin·
290 1627 333 1691 25
360 1587 482 1690 luamus
503 1629 646 1687 bellicam
669 1629 814 1688 virtutem
840 1613 954 1708 passim
984 1631 1017 1686 in
1039 1631 1163 1709 reliquis
1181 1625 1326 1685 historiae

211 1712 297 1771 libris
319 1715 486 1793 Procopius
505 1709 710 1773 commendat.
752 1717 842 1774 Anno
868 1715 941 1772 belli
963 1712 1097 1774 Gotthici
1118 1712 1279 1772 undecimo
1308 1731 1327 1768 a

213 1797 359 1856 belisario
384 1799 680 1879 Constantinopolim
707 1796 747 1857 ad
775 1801 978 1880 lastinianum
1007 1801 1180 1877 ablegatur,
1210 1798 1327 1856 auxilia

212 1885 379 1960 petiturus·
401 1894 470 1942 tum
488 1904 561 1944 vero
575 1882 663 1960 haec,
685 1883 819 1965 quaeda
842 1886 982 1962 coniugio
996 1887 1161 1962 Procopius
1183 1881 1233 1941 hic
1253 1901 1326 1939 nar-

212 1977 275 2040 rat,
302 1967 492 2043 acciderunt3
520 1989 557 2026 ac
583 1971 657 2027 licet
677 1989 728 2028 eas
751 1971 881 2048 nuptias*
894 1967 1053 2027 adornatas
1079 1971 1197 2047 potius,
1233 1987 1326 2047 quam

212 2009 364 2110 corifectas
387 2051 486 2112 dicere
506 2051 654 2115 hocloco
675 2053 829 2113 videatur·
852 2064 956 2113 tamen
977 2055 1051 2112 alibi
1071 2058 1216 2113 loannem
1238 2061 1325 2111 vocat

211 2134 541 2217 (immanitatum,
570 2149 602 2198 et
622 2135 772 2222 γαμβρὸν,
792 2159 949 2221 generum.
991 2141 1088 2198 Duxit
1112 2150 1215 2198 autern
1232 2139 1324 2196 lusti-

209 2241 301 2298 nam,
326 2221 446 2305 dequa
466 2222 518 2283 hic
537 2226 664 2284 mentio.

121 2309 147 2362 Α
163 2310 198 2364 12
298 2309 395 2384 Ρ37,
405 2309 457 2372 14
480 2311 604 2369 Fratres
605 2307 694 2389 fileo]
711 2305 865 2368 Amoldus
879 2310 978 2368 Uvion
994 2305 1032 2366 sle
1047 2309 1195 2366 Aniciana
1208 2304 1325 2362 sarnilia

211 2389 297 2468 grad.
319 2395 359 2456 21
384 2404 415 2452 et
434 2397 584 2453 Antonius
604 2394 761 2452 Boniinius
783 2413 842 2450 rer.
864 2397 968 2470 flung.
991 2390 1097 2450 decad.
1121 2397 1138 2455 1
1167 2409 1325 2468 perperam

209 2478 372 2533 Iustiniani
384 2478 510 2534 fratrem
524 2479 663 2534 iecerunt
676 2475 759 2533 lrunc
772 2477 969 2532 Gentianam.
1012 2477 1112 2533 Uvion
1133 2474 1210 2533 falso
1234 2477 1325 2532 etiam

212 2558 317 2633 credit,
339 2579 359 2617 a
378 2563 528 2638 Procopio
549 2558 643 2618 modo
665 2560 766 2617 fratris
784 2561 959 2632 Iustiniani,
983 2558 1075 2617 modo
1097 2562 1207 2618 sororis
1228 2559 1325 2616 filium

211 2641 357 2724 eumdem
377 2645 582 2724 appellatum:
603 2645 805 2723 interpretmu
826 2646 928 2724 lapsus
950 2645 1003 2702 ille
1026 2655 1088 2719 est;
1118 2665 1192 2703 nam
1213 2647 1325 2703 Proco-

210 2732 291 2808 pius,
311 2749 374 2787 non
395 2730 496 2788 solum
516 2727 578 2804 hic,
600 2727 655 2788 sed
677 2731 769 2786 etiam
790 2729 813 2786 1.
835 2731 857 2791 2
882 2729 954 2788 bell.
974 2732 1058 2789 Pers.
1081 2741 1111 2787 et
1133 2735 1153 2794 2
1175 2729 1273 2789 Vand.
1295 2738 1326 2786 et

209 2815 231 2876 3
253 2812 358 2873 (touls.
386 2824 475 2874 vocat
493 2813 684 2874 Gennanum
705 2815 865 2874 lastiniani
890 2808 1039 2891 α’νεψιδν,
1072 2815 1106 2871 1ιι
1137 2817 1222 2871 cuius
1242 2815 1326 2872 vocis

210 2901 408 2977 ambiguitate
429 2900 609 2958 vacillarunt
633 2901 833 2977 interpretes3
862 2896 999 2976 Raphail
1021 2899 1233 2956 volaterranus
1248 2897 1328 2974 sra-

209 2986 269 3042 trie
281 2985 404 3062 filiam,
426 2982 661 3062 christophorus
682 2985 816 3039 Persona
838 3001 872 3036 ex
894 2999 997 3037 sorore
1017 2991 1167 3057 nepotem3
1192 2983 1327 3038 Leonar-

210 3066 267 3127 dus
295 3072 439 3127 Aretinus
466 3068 644 3124 Patrnelem
675 3074 841 3124 verterunt.
884 3067 945 3122 Nos
972 3066 1096 3124 Latinos
1127 3066 1191 3124 eius
1221 3068 1326 3124 aetatis

209 3151 371 3212 historicos
393 3151 620 3224 consuluimus,
642 3158 678 3207 ut
699 3151 813 3208 Graeca
834 3149 953 3207 sublata
975 3147 1144 3226 dubietate,
1166 3153 1325 3210 veritatem

209 3233 438 3314 interpretando
465 3246 547 3295 certo
576 3245 793 3309 statueremus,
823 3226 913 3315 atque
942 3253 982 3292 ex
1003 3233 1152 3294 lornande
1175 3238 1326 3296 converti-

210 3340 282 3378 mus
293 3324 416 3396 fratris
428 3321 549 3400 felium,
570 3340 664 3402 quem
683 3323 750 3401 ipse
761 3321 950 3400 fratruelem
970 3321 1083 3396 scribit,
1106 3332 1137 3379 et
1157 3324 1268 3380 iterum
1289 3341 1326 3380 ac

211 3408 301 3464 tertio
323 3409 432 3485 repetit
458 3405 573 3466 lib..de
594 3407 658 3465 reb.
681 3408 778 3466 Getic.
822 3409 900 3465 Nam
930 3427 1063 3466 errorem
1093 3407 1209 3464 librarii
1230 3408 1325 3464 corri-

211 3509 265 3569 gas
287 3490 327 3548 ad
342 3493 457 3550 calcem
476 3490 615 3552 eiusdem
628 3493 709 3568 libri,
730 3512 771 3551 ne
786 3502 874 3551 autor
889 3511 908 3550 a
921 3511 955 3552 se
969 3503 1000 3551 et
1014 3511 1033 3551 a
1046 3494 1195 3570 Procopio
1209 3487 1326 3549 discre-

210 3585 271 3655 pet,
295 3597 484 3658 reponasque
503 3598 559 3658 pro
572 3580 678 3654 seatri
697 3597 765 3657 cao,
778 3577 936 3656 fratrueli
956 3597 1023 3638 auo.
1067 3579 1228 3636 Caeterum
1249 3577 1325 3634 Pro·

210 3664 297 3741 copia
321 3659 518 3741 insuebant
535 3663 658 3742 fratris
671 3663 784 3740 filium
813 3665 930 3722 sororis
948 3683 1027 3723 vero
1047 3655 1249 3736 ἀδελφιδοῦς,
1280 3662 1325 3718 sic

207 3749 410 3806 lastinianum
435 3760 540 3822 vocat,
569 3750 623 3828 qui
654 3759 718 3807 erat
738 3749 850 3809 sororis
874 3750 983 3808 lustini
1012 3746 1140 3806 senioris
1166 3745 1263 3820 filius,
1293 3756 1324 3804 et

32 3886 34 3891 .
101 3839 128 3894 V
143 3840 195 3897 345
211 3835 382 3892 Proiectam
402 3835 585 3912 vigilantiae
606 3835 766 3894 lastiniani
787 3835 898 3894 sororis
919 3835 1035 3905 filiam3
1064 3829 1158 3911 idque
1178 3841 1324 3910 perpetuo

209 3919 350 3997 religiose
369 3929 488 3979 servat:
511 3921 692 3998 posteriores
707 3920 814 3981 Graeci
829 3922 988 3998 scriptores
1006 3875 1174 4019 ‘aliquando
1195 3920 1324 3975 variant.

295 4003 457 4079 P.37,15
487 4002 650 4063 Cannutio
663 4004 801 4086 iungere]
823 4003 1014 4063 Germanus
1004 4021 1070 4080 ipse
1084 4002 1181 4080 prima
1195 4005 1325 4079 coniuge

212 4087 342 4162 orbatus,
367 4099 489 4148 curante
511 4090 679 4148 Iustiniano
698 4093 850 4169 captivam
872 4087 971 4163 duxit,
993 4088 1065 4144 licet
1086 4105 1127 4144 ex
1144 4087 1254 4145 Amala
1274 4086 1325 4144 fa-

211 4173 297 4231 milia
318 4172 501 4234 Gotthorum
528 4173 719 4233 nobilissima
746 4167 974 4233 Matlrasuntam
1000 4174 1121 4250 reginae
1141 4173 1326 4232 Amalasan-

211 4255 284 4316 tbae
305 4257 410 4334 filiam,
437 4270 468 4319 et
485 4261 595 4339 vitigis
616 4262 696 4360 regis
718 4258 875 4351 quondam
897 4277 1036 4333 ιικοιοιιι,
1059 4254 1141 4339 quod
1159 4253 1326 4316 lornandes

210 4343 266 4403 lib.
281 4341 320 4401 de
340 4345 404 4404 reb.
419 4346 488 4404 Get.
509 4347 621 4405 itennn
642 4350 679 4404 ac
698 4348 788 4406 tertio
810 4345 930 4425 repetit.
972 4344 1023 4401 Ex
1044 4362 1079 4402 ea
1099 4343 1198 4401 filium
1219 4339 1327 4400 habuit

211 4431 401 4490 Gennanum
422 4427 641 4512 posthumum
663 4450 704 4492 ex
723 4433 824 4514 prima
846 4449 919 4494 vero
940 4429 1065 4491 nomine
1085 4430 1213 4490 Passara
1232 4428 1326 4487 lusti-
