3125 4959
208 1184 661 1299 CLAUDIUS
738 1179 1409 1295 MALTReTUSm

567 1396 614 1459 n
643 1394 859 1460 secuerant
884 1394 967 1459 issu

377 1544 650 1627 LECTOR1
701 1546 941 1625 OPTIMO
995 1546 1033 1623 s,
1079 1545 1126 1621 D.

206 1898 469 2008 A'NEKAOTA
489 1941 543 2006 iam
568 1944 656 2007 semel
684 1967 756 2009 anno
784 1949 875 2014 1623.
905 1941 1033 2027 Lugduni
1059 1948 1188 2026 separate
1216 1933 1300 2010 editu,

207 2044 329 2128 adiungo
357 2043 476 2107 coeteris
496 2044 652 2111 Paeoni-u
681 2047 872 2111 fucsarimsis
893 2045 1040 2133 Operibus.
1084 2044 1166 2120 Quae
1193 2038 1302 2125 quidem

208 2147 244 2209 ita
261 2159 392 2209 recenset
412 2146 587 2233 Nicephorius
609 2148 715 2212 Callisti
732 2150 766 2214 Ρ.
784 2162 811 2212 ut
832 2148 922 2213 locum
942 2151 1070 2212 Anconae
1088 2142 1151 2207 lunio
1165 2140 1304 2205 llis-toriae

207 2264 371 2333 postremum
381 2247 489 2311 tribuat.
533 2249 599 2337 Ego
610 2272 678 2313 uero
694 2252 834 2315 dedissem
848 2253 979 2339 primum,
1003 2249 1027 2311 si
1041 2259 1145 2311 mutare
1159 2241 1196 2304 ot>
1218 2242 1303 2303 luter·

207 2345 291 2433 protis
311 2346 436 2409 meritum
460 2349 588 2414 licuisset.
632 2352 706 2417 Novi
731 2368 845 2439 quantus
870 2353 913 2417 uir
937 2350 1018 2417 luedt
1034 2350 1198 2413 Nenenene
1222 2344 1307 2407 Λιι-

209 2472 352 2513 merres:
374 2447 526 2532 amplector
540 2448 656 2512 nitorem
667 2452 743 2535 ⁸¹5¹l=
770 2455 874 2529 Notus,
897 2475 965 2540 ques
978 2451 1124 2515 historicas
1145 2443 1305 2533 appellavit,

209 2549 340 2635 singulari
366 2550 463 2634 plenas
495 2549 647 2613 eruditione
676 2551 832 2617 deosculer.
874 2555 1030 2619 Addiderat
1057 2550 1216 2623 censorias,
1245 2546 1306 2609 siue

209 2649 311 2713 Graeci
339 2662 429 2713 textus
454 2650 688 2737 recognitionem,
723 2653 750 2716 iu
770 2653 917 2717 lectionum
938 2654 1113 2727 diversitate,
1147 2662 1177 2713 et
1199 2668 1306 2720 eorum·

209 2774 280 2837 quae
300 2750 505 2841 Tppograplrus
525 2766 705 2838 peccaverat,
729 2754 900 2818 correctione
917 2754 1035 2817 maxime
1057 2752 1183 2838 positam.
1225 2747 1305 2813 Eius·

209 2853 283 2918 modi
309 2868 388 2915 netas
404 2852 502 2927 omisi,
531 2865 625 2938 utpote
646 2854 700 2918 iam
724 2855 846 2921 inutiles:
874 2878 935 2920 com
953 2869 982 2920 ct
1008 2854 1143 2917 lectiones
1162 2847 1307 2943 nemesin

209 2953 336 3040 margine
364 2953 561 3039 disposuerim.
606 2968 635 3019 et
662 2957 777 3019 mendas
807 2956 936 3020 editionis
969 2954 1161 3040 Lugdunensis
1189 2948 1306 3016 vitarim.

210 3055 347 3120 Nonnulla
369 3068 461 3117 tamen
483 3056 587 3141 collegi
608 3080 744 3134 seorsum,
770 3059 906 3145 retulique
931 3056 958 3119 iu
981 3056 1187 3120 emendationes
1210 3073 1307 3116 meas:

211 3158 257 3223 ubi
271 3157 354 3221 etiam
367 3155 617 3241 interpretationem
636 3160 723 3245 ipsam
738 3158 859 3223 correxi.
901 3158 974 3223 Nam
989 3159 1044 3220 lroo
1061 3157 1088 3220 iu
1107 3156 1179 3220 libre
1197 3167 1242 3217 tor
1260 3163 1309 3215 aut

211 3271 306 3345 quater
323 3256 486 3341 Procopius,
510 3259 562 3322 nisi
587 3259 686 3337 lallor,
712 3260 786 3323 aliud
801 3262 928 3337 Graece,
952 3259 1026 3323 aliud
1040 3257 1139 3322 latine
1159 3254 1234 3320 dicit.
1275 3252 1308 3317 ld

211 3360 284 3447 quod
309 3358 390 3423 ualde
414 3358 559 3424 humanum
580 3374 631 3426 est.
674 3362 730 3427 Vix
754 3361 827 3425 enim
849 3373 940 3446 potest
963 3359 1040 3434 lieri,
1064 3370 1093 3424 ut
1116 3378 1177 3419 cum
1200 3352 1308 3419 autor

211 3460 345 3545 quispiam
365 3460 452 3525 evasit
471 3465 634 3549 diptuueue
656 3485 690 3526 ae
709 3463 805 3550 liuguua
825 3461 926 3547 duplici
948 3458 1079 3545 loquitur,
1108 3470 1222 3543 utraque
1234 3475 1305 3517 sem·

212 3583 263 3647 per
286 3573 409 3637 constet,
438 3584 490 3626 nee
512 3562 624 3627 diverso
652 3565 787 3628 interdum
817 3561 947 3650 prolerut.
989 3558 1177 3638 Quamobrem
1203 3552 1305 3619 cantius

211 3686 271 3725 cum
287 3661 322 3725 iis
342 3680 432 3749 egero
447 3665 541 3741 soleo,
564 3665 626 3751 uui,
653 3680 681 3731 ut
703 3667 740 3731 ita
758 3666 861 3741 diuum,
884 3686 936 3728 ore
955 3675 1016 3743 sunt
1035 3662 1149 3749 gemino
1176 3654 1304 3744 praediti,

213 3764 415 3851 diligenterque
434 3767 561 3841 attonde,
590 3789 653 3829 num
676 3789 729 3830 uno
753 3789 851 3831 uerum
870 3765 1057 3853 pronuntient,
1087 3764 1175 3827 altero
1197 3758 1303 3822 lelsum.

213 3867 262 3930 Sie
280 3866 405 3929 attendas
424 3868 509 3932 velim
529 3868 565 3931 ad
587 3890 636 3943 ea,
663 3890 734 3954 quae
757 3868 819 3954 ipse
840 3868 868 3931 iu
889 3867 1012 3930 Latinum
1033 3864 1111 3931 uerti.
1153 3863 1211 3925 lam
1235 3880 1306 3924 uero

87 4028 93 4039 ,
213 3967 290 4044 sine,
329 3969 477 4045 letteren,
511 3969 604 4056 paucis
631 3992 843 4033 commemorem
868 3967 1033 4032 beneficium
1061 3968 1094 4033 ll.
1125 3964 1156 4029 P.
1185 3961 1303 4027 Possiui.

213 4069 296 4132 Erum
309 4070 454 4134 admodum
468 4072 647 4147 adolescens,
669 4083 697 4135 et
710 4096 726 4135 a
740 4071 855 4135 consilio
869 4068 1060 4156 suscipiendae
1073 4062 1304 4152 interpretationis

213 4169 340 4257 Procopii
368 4170 529 4258 longissime
550 4173 678 4247 'aberam
708 4174 817 4259 quando
843 4169 915 4233 inter
942 4171 1027 4256 ipsius
1048 4191 1144 4233 manus
1170 4166 1304 4231 &dicem

213 4269 274 4333 eidi·
289 4270 369 4336 liuius
388 4274 524 4338 llistoriue
544 4269 606 4342 MS.
628 4295 708 4361 quem
730 4274 817 4338 hebet
836 4271 1003 4357 amplissima
1021 4268 1194 4334 Bibliotheca
1213 4270 1304 4332 lunu-

213 4396 378 4439 srarssnnur
399 4375 615 4444 Cascennnnn
629 4375 731 4442 Penni
751 4374 928 4441 Seuerum.
970 4373 1014 4439 Ex
1035 4393 1071 4436 eo
1092 4372 1141 4436 ille
1159 4371 1187 4436 in
1208 4392 1303 4435 exem·
