3125 4959
308 443 385 520 468
659 447 706 516 IN
731 447 842 516 mss.
865 447 1060 518 suctum

307 609 503 672 Eustotlrium
530 611 712 692 Episcopum
740 615 844 693 Beryti
875 632 938 673 uon
967 610 1075 693 puduit
1103 613 1291 694 imperatoris
1319 612 1410 673 etism

307 701 462 757 ministros
494 697 546 755 ills
576 696 694 756 dicendi
722 698 820 758 sonna
848 701 985 758 venerari
1013 702 1074 760 τῶν
1095 701 1202 762 ποδῶν
1229 697 1331 778 dpsie,
1355 721 1411 778 per

307 793 410 844 vestra
437 784 584 860 vestigia,
615 785 666 862 qui
694 787 815 842 nonnisi
842 805 900 844 usu
930 785 1110 842 Graecanico
1137 787 1275 842 excusari
1302 794 1410 863 potest,

306 865 472 926 dummodo
501 887 572 924 usus
599 869 664 946 ipse
686 867 796 945 diguus
824 872 1021 928 excusatione
1048 871 1096 926 sit.
1139 872 1195 942 Qui
1224 874 1315 927 etiam
1342 881 1409 927 outo

305 955 465 1011 Iustiniani
486 960 620 1029 tempora
642 955 685 1010 sic
706 954 852 1028 invaluit,
882 964 914 1012 ut
935 954 1030 1012 Sabus
1051 957 1098 1010 sir
1121 965 1240 1013 sanctus
1269 965 1410 1012 consuetu

199 1034 294 1090 6116
310 1057 382 1098 suae
417 1037 498 1114 genti
528 1037 677 1095 locutione
704 1041 863 1098 Arrustssio
892 1040 1064 1141 imperatori
1093 1041 1249 1099 Haeretico
1284 1038 1409 1099 dixerit:

306 1116 407 1202 ἦλθον
423 1121 466 1194 εἰς
485 1115 518 1182 ed
536 1126 748 1200 προσκυνῆσαι
767 1147 805 1184 τα
798 1119 895 1203 ἴχνη
913 1127 968 1204 τῆς
983 1121 1128 1203 ὑμετέρας
1145 1118 1307 1203 εὐσεβείας.
1353 1124 1411 1183 Ve-

305 1219 387 1265 etrae
408 1208 538 1285 pietatis
559 1209 692 1286 vestigia
715 1205 906 1266 adoraturus
927 1210 1003 1266 veni.
1046 1206 1165 1285 Agatho
1189 1210 1329 1288 pontifex
1348 1211 1411 1267 lio-
1468 1218 1472 1225 ’

305 1311 412 1352 uranus
450 1293 483 1347 iu
514 1310 635 1350 srunrno
668 1290 832 1350 catholicae
864 1291 937 1350 fidei
968 1291 1141 1351 discrimine
1173 1290 1231 1351 hoc
1262 1313 1335 1351 usus
1367 1303 1412 1351 eet

305 1376 497 1437 orientalium
518 1395 603 1434 more
624 1396 678 1455 per
698 1379 868 1456 epistolum,
890 1388 924 1435 ut
943 1397 977 1435 eo
995 1374 1204 1435 vehementius
1226 1380 1412 1437 Corsstsutiui

304 1462 591 1540 Augustianirnrnn
615 1459 653 1518 ad
675 1463 830 1540 religionis
853 1461 1061 1520 defensionem
1082 1474 1280 1541 pennoreret.
1331 1464 1412 1521 Tan-

306 1566 402 1630 quam
426 1545 671 1621 praesentialiter
695 1559 890 1624 prostratus,
926 1549 1043 1625 inquit,
1080 1558 1108 1604 et
1135 1551 1244 1606 uestris
1272 1550 1412 1626 vestigiis

301 1629 504 1713 provolutus,
533 1633 653 1706 quaeso.
702 1633 742 1686 Et
770 1630 810 1686 ud
837 1631 1069 1687 constantinum
1101 1640 1132 1688 et
1157 1635 1276 1690 Irenem
1304 1631 1412 1690 eodem

305 1716 427 1797 pietatis
452 1711 562 1770 affectu
583 1715 702 1790 scripsit
723 1710 920 1771 Adrianusl.

389 1800 428 1857 P.
454 1798 531 1871 166,
554 1801 585 1859 3.
628 1799 840 1855 Romanorum
867 1818 955 1874 opes:
980 1819 1058 1876 pars
1085 1794 1222 1878 direptas
1249 1819 1270 1856 α
1299 1797 1412 1856 barba-

304 1888 368 1956 νέες
391 1901 470 1960 pars
496 1901 516 1938 a
540 1880 710 1939 Caesare
696 1878 729 1939 eri
756 1879 889 1939 diuersis
916 1882 1043 1939 latebris
1069 1893 1205 1940 retrusae
1232 1883 1410 1960 cfffirrnare]

304 1964 461 2047 Quidquid
481 1967 533 2023 alii
556 1968 762 2043 opinarentur,
788 1985 879 2043 grave
907 1985 958 2024 aes
980 1967 1113 2024 alienum
1135 1970 1317 2026 Iustinianus
1339 1969 1412 2025 reli-

304 2056 385 2133 quit,
415 2049 496 2131 quod
523 2053 655 2110 lustinus
683 2070 838 2110 successor
865 2048 1020 2126 dissolvit,
1050 2062 1085 2110 ut
1105 2053 1253 2133 corippus
1281 2053 1411 2111 effinnut

449 2219 596 2278 Plurima
616 2229 689 2278 sunt
710 2221 781 2278 vivo
802 2220 935 2287 nimium
954 2219 1090 2298 neglecta
1111 2222 1246 2298 parenti,

459 2303 545 2362 Unde
565 2314 610 2361 tot
630 2303 800 2362 eslraustue
822 2305 974 2362 contraxit
995 2302 1098 2362 debita
1113 2305 1223 2382 fiscus,

454 2385 592 2447 Reddere
613 2407 693 2467 quae
711 2389 831 2448 misertis
851 2391 928 2446 moti
941 2392 1060 2468 pietate
1073 2410 1239 2470 paramus.

304 2486 334 2536 et
353 2473 445 2555 psulo
465 2483 552 2551 post3

386 2589 556 2605 ---·
577 2555 756 2617 Innumerae
776 2577 847 2616 mox
866 2553 1013 2617 advenere
1033 2569 1183 2636 catervae,

387 2625 494 2703 Fortia
514 2644 644 2701 centenis
665 2655 848 2722 onerataque
868 2641 998 2701 brachia
1018 2643 1108 2702 libris

385 2730 560 2805 Deposuere
581 2727 727 2787 humeris.
775 2731 905 2788 Turmae
922 2730 1169 2808 glomerantur
1154 2751 1189 2789 tn
1208 2749 1314 2810 muto,

384 2815 428 2873 Et
450 2822 535 2871 totus
551 2811 632 2891 suso
654 2816 758 2870 circus
778 2814 861 2891 rlesp
847 2809 964 2871 lenduit
986 2834 1074 2875 auro

389 2901 477 2956 Tunc
492 2900 599 2977 posita
618 2901 736 2956 ratione
749 2899 881 2976 palam,
893 2899 1072 2978 populoque
1091 2894 1212 2957 uidente

383 2983 501 3042 Debita
517 2983 667 3062 persolvit
683 2986 850 3062 genitoris,
872 2993 970 3041 cauta
991 2985 1111 3060 recepit.
1172 2985 1175 2989 “

383 3067 420 3125 Ρ.
448 3071 515 3140 166,
537 3067 569 3130 5·
612 3069 661 3125 Ex
688 3067 778 3125 rebus
798 3067 947 3124 humanis
970 3066 1141 3143 excesserit]
1176 3066 1222 3122 De
1251 3064 1409 3122 Iustiniani

300 3160 398 3209 morte
420 3149 497 3208 nihil
517 3152 699 3228 Procopius,
728 3169 801 3208 rrum
829 3160 897 3228 post
925 3148 1005 3208 lruno
1033 3151 1145 3209 librum
1167 3151 1204 3207 ab
1228 3171 1262 3208 eu
1285 3151 1408 3207 obsolu-

300 3244 378 3308 turn‚
400 3244 499 3292 toturn
520 3237 907 3313 septennirnnlustinisnus
929 3236 1087 3314 superfuit.
1131 3239 1257 3316 Antiqui
1278 3239 1408 3314 scripto-

303 3339 350 3377 res
381 3320 488 3392 silent3
519 3338 559 3378 ex
588 3321 802 3378 recentioribus
833 3320 1001 3378 Sabellicus
1029 3321 1174 3379 Euneude
1197 3321 1217 3381 8
1245 3321 1298 3378 lib.
1320 3315 1352 3381 4.
1378 3328 1408 3374 et

192 3409 287 3470 Pili
303 3405 442 3463 Octavius
468 3404 641 3483 sRosberg
667 3415 767 3462 mente
797 3415 917 3483 captum
944 3407 1054 3465 obiisse
1076 3406 1236 3464 affirmant.
1278 3403 1314 3462 ld
1337 3405 1408 3482 qui-

301 3488 372 3548 dem
394 3487 432 3546 de
451 3491 566 3549 Iustino
587 3492 745 3548 Iustiniani
766 3500 876 3569 nepote
898 3493 990 3548 etism
1008 3502 1125 3550 veteres
1145 3498 1285 3562 usrrsut3
1315 3498 1345 3544 et
1365 3488 1407 3544 il-

300 3575 360 3633 lius
383 3576 488 3633 aetatis
507 3573 652 3648 historici,
674 3574 840 3632 Menander
855 3576 1009 3635 Protector
1028 3577 1088 3639 l.2
1109 3586 1139 3633 et
1156 3571 1406 3652 Tlreoplrylsctus

300 3655 463 3719 Simocsttu
484 3660 506 3716 l.
529 3665 549 3723 8
570 3679 597 3717 c.
621 3663 671 3722 11.
713 3662 793 3716 Nurn
814 3661 890 3717 sicut
916 3663 1034 3719 inscitie
1061 3662 1170 3719 lustini
1191 3661 1334 3731 senioris,
1362 3660 1405 3714 its

299 3746 425 3803 iunioris
455 3741 607 3801 dementis
634 3744 672 3800 ob
699 3747 832 3802 nominis
859 3744 1092 3804 similitudinem
1122 3745 1170 3823 (ut
1199 3763 1291 3822 supra
1315 3762 1405 3823 saepe

300 3828 487 3904 notavimus)
509 3830 674 3887 lustiniuno
695 3826 844 3908 adscripta
865 3841 910 3888 est
919 3828 934 3887 'l
957 3833 1069 3890 Verurn
1092 3847 1169 3908 quae
1191 3827 1229 3885 de
1249 3829 1406 3887 Iustiniani

301 3913 465 3972 stoliditate
496 3911 534 3970 sd
562 3932 593 3992 p·
623 3917 663 3976 36
696 3912 716 3970 l.
745 3915 784 3974 12
814 3917 1002 3989 notavimus,
1035 3912 1095 3971 lruc
1127 3914 1225 3971 fucere
1256 3912 1405 3971 ridentur.

301 4000 378 4056 Nom
400 3999 510 4077 legisse
532 4017 582 4056 me
603 3999 729 4055 memini
751 3996 833 4076 apud
854 3998 981 4057 Suidrun
979 4000 1120 4104 sutIqui
1149 4009 1178 4056 et
1200 3998 1272 4056 boui
1294 3995 1404 4056 autoris

302 4079 377 4140 hoec
397 4085 497 4142 verbs.
540 4081 574 4144 0
595 4079 628 4144 dl
648 4075 856 4156 Ἰουστινιανὸς
883 4075 989 4145 εἴτε
968 4078 1030 4146 υπὸ
1056 4076 1184 4166 γήρως
1179 4107 1217 4146 τα
1209 4080 1342 4163 καίρια
1362 4105 1404 4183 μη

303 4172 442 4245 φρονῶν,
470 4168 528 4231 el're
549 4163 647 4240 ἄλλως
669 4164 825 4246 ἔμελλε
788 4191 845 4271 την
868 4161 1090 4271 ὄρθογνῶμονα
1108 4167 1179 4248 περὶ
1202 4171 1336 4248 Χριστοῦ
1355 4161 1405 4228 do'-

302 4249 360 4324 ξαν
378 4248 586 4332 dissessiones,
616 4252 644 4314 sl
662 4277 723 4334 μη.
695 4249 757 4327 ἐξ
775 4245 953 4333 ἀνθρώπων
975 4249 1075 4337 ᾤχετο.
1119 4251 1316 4313 lastinianus
1335 4271 1402 4311 uero

302 4332 353 4393 vel
368 4346 491 4414 propter
510 4348 701 4416 senectutem,
729 4337 778 4395 uel
798 4337 867 4396 alia
888 4336 926 4396 de
946 4358 1046 4397 cauea
1065 4340 1191 4397 minime
1210 4358 1290 4396 sana
1310 4346 1404 4394 mente

298 4429 433 4496 paratus
453 4430 519 4478 erat
538 4420 584 4482 ad
603 4423 664 4482 ort
650 4418 803 4484 eudoxum
824 4421 863 4495 de
878 4422 1000 4486 Chresto
1020 4426 1201 4492 sentastiarn
1215 4420 1403 4504 perturban-
