3125 4959
571 421 716 490 NOTAE
740 423 968 495 mnium.
1248 420 1325 499 435

216 583 375 652 ttetewov
397 581 431 651 τὸ
456 583 586 650 αἰδοῖον.
633 581 748 666 ὁμοίως
775 583 810 650 δὲ
834 585 888 652 rol
917 587 954 651 ai
980 585 1103 670 lxooout
1127 583 1244 669 dripere
1271 585 1326 654 tir

216 675 373 754 λαθραίως
398 668 589 753 ἕμοιχεύοντο
614 674 704 734 τοῦτο
730 671 854 752 ἐγίνετο.
896 672 1012 738 ἐκεῖναι
1036 671 1095 757 yio
1122 669 1225 750 elude
1246 672 1327 756 oino-

217 752 338 842 λόγουν,
379 755 402 837 ἡ
426 754 460 820 dl
480 753 708 840 γυναικαδολφή
734 749 897 821 Ἰόυστίνου
917 762 977 822 rori
997 753 1058 824 oir'eo'
1080 764 1330 840 Kovporeaiuroio

218 841 379 922 συνέτριψε
405 837 464 924 τήν
495 835 610 922 στήλην
637 837 688 905 dri
717 837 750 904 ri>
774 841 827 904 καὶ
854 837 951 924 αὐτῆς
978 848 1118 926 φανῆναι
1145 842 1179 910 eb
1207 846 1329 910 αἰδοῖον

217 927 429 1008 μοιχευθείσης
448 926 571 990 ἐκεῖθεν
591 923 784 1007 διερχομένης
804 920 850 1005 ἐφ’
869 929 954 1009 ἵππῳ
976 929 1011 993 ἐν
1031 934 1077 994 roi
1096 926 1253 1011 iobouure'
1265 935 1330 995 sair

217 1015 409 1093 Βλαχερνῶνε
437 1013 581 1093 Virgines
601 1015 674 1073 vitii
693 1025 853 1091 suspectae
871 1034 942 1073 cum
962 993 1152 1092 accederent,
1175 1015 1332 1096 siquidem

216 1097 359 1156 illibatae
379 1109 491 1173 essent,
513 1119 615 1157 secure
635 1095 849 1176 discedebant,
876 1111 910 1157 at
929 1120 998 1160 vero
1021 1112 1241 1181 corruptorum
1263 1113 1333 1159 sta-

217 1185 275 1240 tim
295 1183 390 1244 restis
413 1181 616 1243 reducebatur
635 1182 801 1264 patefectis
817 1180 983 1263 pudendis.
1028 1187 1147 1266 Nuptis
1168 1190 1263 1246 etiam
1276 1188 1333 1266 se-

216 1268 327 1342 minis,
355 1289 435 1348 quae
454 1268 655 1328 clandestinis
675 1268 844 1336 adulteriis
864 1289 898 1329 se
913 1269 1106 1349 foedassent,
1132 1269 1217 1330 idem
1232 1274 1330 1350 plane
1345 1278 1370 1332 Δ
1386 1279 1422 1333 ut

216 1350 339 1423 accidit,
361 1356 505 1433 ipsaeque
520 1357 629 1414 statim
648 1375 712 1414 rem
720 1355 837 1433 fassae
852 1365 936 1419 sunt.
980 1355 1137 1416 Caeterum
1151 1378 1239 1414 soror
1253 1378 1333 1415 uxo-

217 1440 263 1496 ris
283 1436 408 1513 Iustiui,
430 1442 486 1520 qui
503 1450 575 1519 post
596 1461 704 1499 curam
721 1441 843 1520 palatii
862 1442 1028 1521 imperium
1047 1445 1134 1520 cepit,
1156 1463 1222 1500 eam
1235 1441 1332 1500 Vene-

213 1525 264 1582 'ris
283 1533 423 1582 statuum
445 1528 613 1584 comminui
634 1527 746 1584 iussit:
777 1523 865 1606 quod
884 1528 1016 1602 eteius,
1036 1537 1109 1606 post
1130 1527 1331 1599 adulterium,
1415 1589 1418 1592 ,

211 1604 365 1687 pudenda
386 1609 503 1669 detecta
523 1615 596 1687 sint,
619 1631 691 1669 cum
712 1608 783 1669 inde
798 1614 995 1690 praeteriret,
1017 1623 1044 1671 et
1066 1632 1145 1692 equo
1164 1623 1264 1684 vecta,
1289 1609 1335 1671 ad

217 1693 346 1752 balneus
373 1695 627 1755 -Blacleerreianas
663 1697 919 1775 proficisceretur.
978 1698 1032 1756 Sic
1059 1700 1154 1756 etiam
1182 1695 1333 1756 adulteras

217 1781 398 1860 vitiataeque
418 1783 552 1860 virgines
574 1778 779 1861 deprehensas
800 1783 960 1841 iustiniani
985 1792 1124 1862 tempora
1145 1785 1228 1841 canis
1250 1781 1333 1840 indi·
1349 1788 1373 1844 Ρ
1391 1789 1441 1846 151

219 1867 278 1938 cio,
300 1884 393 1946 quem
413 1887 454 1924 ex
475 1868 564 1925 ltalia
583 1864 723 1926 Andreas
745 1866 872 1947 quidam
892 1877 948 1948 per
967 1871 1140 1947 provincias
1162 1867 1337 1926 circumdu-

218 1959 315 2024 ceret,
336 1963 460 2010 narrant
481 1949 707 2031 Theophanes,
727 1955 917 2031 Anastasius,
940 1952 1106 2030 cedrenus,
1128 1949 1254 2013 historia
1274 1955 1336 2012 rni-

219 2035 330 2108 scella,
353 2047 384 2095 et
406 2039 519 2097 Paulus
539 2039 706 2097 Diaconus.

304 2124 340 2179 P.
358 2123 430 2196 103,
447 2127 469 2187 7
471 2163 480 2181 .
523 2121 627 2183 Adita
640 2125 749 2181 statim
764 2123 968 2202 imperatrice]
993 2124 1085 2183 Cuius
1102 2122 1239 2180 favorem
1256 2131 1338 2182 certo

219 2207 278 2264 sibi
300 2207 532 2287 pollicerentur:
561 2228 635 2266 nam
655 2218 690 2267 nt
712 2217 757 2266 est
777 2209 801 2266 l.
823 2211 843 2270 3
865 2208 940 2267 bell.
959 2206 1064 2267 Gotth.
1088 2204 1112 2286 'l
1133 2207 1251 2287 βασιλὶς
1272 2206 1339 2269 ἒπε-

218 2287 315 2368 φύκει
343 2287 390 2354 olei
413 2287 632 2373 δυστυχούσαις
660 2291 783 2374 γυναιξὶ
809 2294 949 2372 βοηθεῖν.
992 2291 1178 2371 Imperatrix
1200 2291 1340 2371 quodam

218 2387 353 2435 naturae
373 2381 526 2438 instinctu
548 2389 731 2458 comparatu
752 2389 819 2438 erat
839 2375 1128 2459 ad·susorpiendum
1142 2378 1342 2459 afflictarum

220 2461 385 2520 mulierum
403 2467 625 2540 patrocinium.

303 2547 340 2603 Ρ.
359 2546 438 2619 103,
463 2549 514 2610 15.
558 2549 634 2626 Ipsa
655 2550 864 2628 magistratus
883 2557 912 2605 et
933 2542 1107 2606 sacmdotes
1127 2545 1260 2625 crearet]
1293 2547 1341 2604 Da

220 2631 444 2708 magistratibus
465 2649 485 2688 a
505 2629 670 2690 Theodora
693 2635 881 2706 constitutis,
903 2633 983 2691 infra
1000 2634 1176 2711 Procopius.
1222 2634 1268 2688 De
1287 2650 1341 2689 sa-

221 2715 410 2778 cerdonbus:
437 2716 547 2795 plenae
573 2725 643 2774 sunt
668 2712 822 2773 historiae.
866 2709 1030 2773 Primarias
1054 2718 1198 2773 ecclesias
1219 2724 1341 2772 tanturn

186 2814 190 2822 '
221 2803 358 2860 nomino.
400 2803 539 2880 Byzantii
553 2799 736 2860 Anthimmn
750 2795 987 2877 Eutychianum,
1010 2797 1216 2855 Alexandriae
1230 2794 1340 2857 Theo-

223 2885 345 2946 dosium
372 2884 621 2944 Haeresiercham
651 2887 745 2944 fovit:
776 2885 923 2943 Severum
950 2880 1159 2942 Antiochense
1190 2883 1339 2940 ecclesias

221 2973 393 3031 invasorem
421 2970 647 3050 Acephalorum
675 2972 919 3047 Antesiguanum
953 2967 1174 3026 restituendum
1204 2971 1341 3026 curavit:

221 3059 356 3130 Romae,
380 3059 474 3116 eiecto
496 3057 645 3136 Sylverio‚
666 3057 826 3133 vigilium,
847 3055 998 3128 Belisarii,
1019 3055 1252 3131 Antoninaeque
1273 3064 1342 3111 stu-

222 3140 280 3199 diis
302 3143 466 3220 praefecit3
499 3163 592 3222 quem
615 3140 655 3198 ad
678 3139 876 3199 evertendum
898 3137 1144 3197 chalcedonense
1167 3139 1341 3213 (concilium,

222 3236 254 3285 et
274 3224 455 3284 Arithimum
477 3225 697 3299 revocandum,
720 3227 786 3286 fore
807 3235 948 3304 paratum
969 3227 1112 3303 speravit.

307 3313 343 3369 Ρ.
365 3309 442 3383 104,
467 3315 496 3374 1·
544 3311 736 3370 Connubiale
764 3313 816 3368 ius
844 3321 945 3368 totum
968 3313 1061 3387 penes
1085 3330 1117 3366 se
1137 3328 1201 3365 esse
1221 3304 1341 3386 uoluit]

223 3398 306 3474 Lege
329 3398 350 3454 l.
371 3395 392 3457 3
415 3393 452 3452 de
474 3395 546 3452 bell.
567 3392 671 3454 Gotth.
694 3395 880 3452 Artabanem
900 3397 1000 3452 virum
1022 3393 1222 3467 consularem,
1245 3395 1342 3452 comi-

223 3491 289 3540 tem
314 3492 523 3562 praesentum,
555 3499 590 3536 ac
618 3477 845 3538 foederatorum
865 3482 1054 3559 principem,
1087 3489 1123 3536 ut
1150 3478 1342 3559 repudiatam

224 3565 344 3647 pridem
366 3587 493 3624 uxorem
514 3567 673 3644 acciperet,
695 3567 826 3623 invitum
847 3566 1066 3645 nolentemque
1083 3567 1193 3642 coegit.
1236 3565 1341 3621 Proie-

225 3665 307 3710 ctam
328 3654 486 3711 Iustiniani
507 3649 697 3730 imperatoris
712 3662 838 3731 neptem
853 3652 1001 3711 Artabani
1020 3649 1212 3731 desponsam,
1234 3646 1341 3706 loanni

224 3740 354 3818 Pompei
376 3739 438 3798 snio
461 3738 625 3814 coniungit.

311 3826 348 3882 Ρ.
368 3823 439 3897 104,
457 3829 489 3888 7·
531 3823 697 3881 Leontium
712 3820 965 3898 referendarium,
986 3831 1015 3879 et
1033 3819 1246 3885 Saturninum,
1268 3814 1339 3894 eta]

225 3908 349 3983 Omnes,
373 3928 450 3988 quos
472 3905 523 3966 hic
543 3908 691 3981 nominat,
713 3911 772 3966 viri
795 3898 865 3966 sunt
880 3908 1027 3986 primarii.
1071 3906 1116 3962 De
1131 3902 1259 3960 Leontio
1280 3901 1341 3964 l.3

187 3997 197 4008 “
225 3991 298 4052 bell.
330 3991 434 4053 Gottlr.
466 3997 519 4076 qni
547 3991 586 4051 ael
612 3990 864 4052 Theodebertnm
893 4011 912 4050 a
939 3993 1107 4050 Iustiniana
1135 3988 1254 4063 legatus
1284 3994 1342 4044 est.

225 4079 401 4139 Destinatus
431 4099 503 4138 cum
530 4081 599 4138 alhs
629 4077 668 4136 ad
698 4080 942 4158 compilationem
967 4077 1153 4153 digestorum
1174 4071 1278 4129 Const.
1302 4069 1343 4128 de

226 4165 308 4221 conf·
332 4169 363 4227 9.
407 4167 546 4224 Fortasse
568 4163 618 4224 hic
639 4173 685 4223 est
706 4165 759 4222 ille
782 4161 986 4225 scholasticus
1009 4162 1062 4237 (ex
1084 4155 1132 4215 his
1154 4159 1238 4214 enirn
1259 4157 1343 4215 reie-

226 4247 380 4328 rendarii)
411 4255 497 4310 cuius
520 4259 625 4309 extant
652 4251 876 4328 elegantissima
898 4249 1126 4326 epigrammata.
1169 4243 1257 4300 Alius
1286 4253 1342 4317 est,

227 4335 282 4414 qni
302 4336 357 4393 sub
380 4339 547 4397 Iustiniana
567 4338 686 4416 scripsit
709 4335 747 4394 de
769 4338 876 4406 sectis3
906 4343 934 4391 et
956 4326 1140 4403 monachus,
1170 4330 1257 4386 onius
1279 4329 1344 4407 Cy·

229 4421 314 4480 riilus
335 4424 475 4482 meminit
496 4424 552 4486 sub
571 4422 681 4483 eodem
702 4423 893 4504 imperatore.
936 4420 1144 4497 Hennogenes
1164 4415 1223 4473 fuit
1246 4432 1343 4497 quse·

670 4529 687 4574 Q
