3125 4959
613 405 761 477 noete
783 406 1008 478 sennium.
1238 407 1242 414 ’
1289 406 1363 482 351

259 570 445 658 deciperem.
487 573 617 635 centum
631 567 693 656 ρᾶρ
707 565 746 634 eri
763 566 869 636 incede
885 569 1173 656 remoremur.
1219 572 1369 638 Centeno-

258 667 343 724 rr’um
362 682 397 719 ex
421 681 454 720 eo
475 680 581 719 nomen
600 661 750 738 sumpsit,
770 653 856 737 quod
878 665 999 719 matum
1020 659 1120 720 libros
1144 663 1311 738 contineat,
1332 673 1367 721 ut

258 749 437 808 Romanum
456 749 559 824 iprum
580 763 690 802 nomen
710 741 850 820 declarat
857 765 870 816 ,·
896 742 981 803 idem
1005 740 1098 805 habet
1119 745 1253 806 Isidorus
1275 749 1298 806 Ι.
1315 752 1369 814 16.

257 834 416 910 Originum
438 851 463 889 e.
484 830 537 897 24.
587 831 801 888 Constantinus
825 847 955 908 maguus
980 830 1107 890 Turrim
1128 833 1268 913 Byzantii
1291 850 1309 890 a
1333 852 1369 892 se

257 915 487 977 exaedificatam
510 917 718 974 centenarium
742 915 780 972 ab
809 916 949 994 impensa
973 919 1153 976 nominavit.
1201 918 1248 976 De
1274 920 1367 980 variis

256 1005 499 1062 centenariorum
512 1003 659 1081 impensis
671 1001 739 1080 lege
755 998 1007 1080 olympiodorum
1020 1000 1102 1081 apud
1113 1000 1268 1062 Photium.

341 1089 500 1162 P.17,16.
545 1087 708 1165 Cornaque,
729 1086 897 1164 eicutfirri
911 1089 1077 1167 consuevit,
1090 1085 1229 1168 detonsa]
1249 1090 1366 1168 Nempe

256 1172 384 1232 seculari
410 1173 494 1231 cultu
518 1182 550 1230 et
575 1172 709 1230 luxurie.
750 1168 844 1251 Apud
864 1171 1064 1252 Procopium,
1087 1173 1224 1255 aliosque
1249 1185 1371 1238 veteres

255 1261 417 1337 scriptores
428 1259 477 1315 vel
491 1262 557 1315 nna'
569 1258 623 1315 illa
640 1277 715 1316 voce
736 1248 913 1336 ἆκοναρεὶς,
933 1250 1189 1340 ἆποᾷρνξᾶμενος,
1211 1255 1366 1335 detonsae,

254 1342 433 1402 monachico
447 1344 583 1401 initiatus
595 1340 700 1402 ordine
709 1341 906 1420 significatur.
949 1339 1132 1402 Theodorus
1142 1341 1262 1402 Studita
1276 1347 1366 1422 epist.

254 1432 297 1492 27
316 1431 396 1486 inter
409 1429 468 1486 alia
479 1427 673 1487 incommoda
689 1423 925 1502 monachorum,
948 1429 1002 1508 qui
1018 1429 1051 1485 in
1068 1425 1212 1487 custodiis
1227 1427 1365 1487 coutine-

253 1515 379 1586 bantur,
401 1522 541 1573 numerat
557 1509 615 1593 τήν
630 1516 685 1593 τῆς
707 1507 808 1593 κόμης
826 1508 969 1592 α’καρσιν,
991 1515 1147 1570 moneam
1156 1515 1364 1593 promissum.

253 1621 312 1680 que
332 1618 460 1661 comam.
503 1600 544 1656 Et
570 1596 609 1656 ad
628 1601 812 1679 Procopium
830 1593 1032 1670 monachum,
1054 1616 1148 1677 quam
1164 1599 1256 1657 illum
1275 1617 1363 1658 corna

251 1683 429 1757 dedeceret,
454 1692 486 1742 et
504 1682 628 1742 aliunde
645 1685 768 1762 probet,
791 1693 821 1741 et
836 1680 1070 1763 qnod²eremitis
1085 1685 1245 1741 conveniat
1264 1681 1365 1742 isha-

251 1771 349 1843 bitus,
372 1783 464 1850 quem
481 1766 683 1850 ionpmoeedic
703 1770 870 1846 πολίτευμα
889 1775 987 1826 vocat.
1031 1763 1160 1826 Sanctus
1175 1763 1363 1844 Nicephorum

202 1924 206 1931 ι
252 1855 601 1932 constantinopolitanus
614 1857 648 1912 in
662 1851 769 1912 histor.
785 1850 824 1909 de
838 1846 996 1910 monachis
1007 1850 1182 1929 transfugis,
1201 1846 1235 1916 τὸ
1250 1847 1364 1931 σεμνόν
1393 1879 1394 1884 ’

252 1933 547 2020 ρεταρφιεννύμενοι
561 1931 707 2012 πόλισμα
722 1937 854 2015 κομῆται
866 1927 935 1997 sirei
951 1933 1144 2014 nexaoaivur
1158 1936 1363 1999 dredrieruvro

251 2021 304 2086 seui
320 2023 365 2096 εἰς
379 2025 495 2084 Minue·
512 2024 613 2101 σχῆμα
632 2014 731 2093 edisio
746 2011 985 2100 μεθηρμόζοντρ.
1028 2019 1188 2098 lielr'ge'orc
1203 2021 1293 2080 cultu
1310 2009 1365 2080 de.

246 2110 367 2189 posito,
388 2127 423 2164 ex
439 2110 573 2164 arconcio
589 2109 774 2164 ireconectoe
792 2107 907 2164 mutati
925 2113 1017 2182 sunt,
1039 2111 1133 2181 atque
1149 2101 1195 2162 ad
1210 2105 1366 2164 laicorum

251 2196 379 2273 speeiem
402 2190 549 2251 traducti.
591 2191 703 2265 Quales
724 2187 818 2250 hodie
839 2188 1000 2249 orientales
1018 2184 1162 2248 monachi
1183 2191 1294 2249 comati
1316 2192 1365 2250 ri-

250 2277 315 2338 deri
351 2287 468 2337 essunt.

330 2298 372 2420 lit.
386 2365 437 2432 18,
453 2364 504 2422 12.
532 2355 711 2426 Belirarius
726 2350 876 2414 adenem
884 2353 1059 2437 Clrorrc'e'm]
1083 2359 1284 2420 DeBelissrio
1298 2368 1364 2420 tota

250 2447 392 2522 Procopii
412 2442 539 2502 historia
560 2450 616 2499 est.
658 2442 770 2520 Accipe
789 2439 828 2499 de
845 2443 910 2502 eius
931 2445 1097 2522 tyrocinio,
1120 2454 1150 2503 et
1171 2446 1268 2524 patria
1286 2443 1365 2505 haec

250 2531 439 2590 summatim.
481 2530 619 2586 Primum
637 2526 693 2584 sub
708 2527 879 2590 Iustiniana
886 2529 1019 2587 Romani
1034 2533 1186 2590 exercitus
1204 2527 1281 2588 duce
1295 2549 1366 2590 tne-

250 2619 326 2690 ruit‚
349 2617 475 2694 eiusque
496 2613 555 2672 init
574 2605 766 2693 δορυρόρορ,
788 2629 885 2692 aquo
908 2610 1019 2672 deinde
1040 2633 1111 2674 curn
1125 2616 1221 2690 sina,
1244 2616 1362 2697 aliquot

251 2699 423 2759 cohortibus
448 2699 621 2779 praeficitur
648 2695 792 2778 adversus
821 2699 928 2758 Persas
954 2719 1015 2778 pro
1035 2700 1130 2760 Iberis
1159 2711 1360 2780 pugnaturus.

248 2787 333 2846 Turn
354 2786 492 2843 tribunus
511 2785 646 2842 miiitum
663 2783 762 2842 Darae
774 2783 889 2858 fectus,
912 2776 1044 2865 denique
1061 2806 1117 2864 per
1133 2788 1281 2845 orientem
1296 2789 1361 2846 lto-

247 2875 333 2930 mani
353 2873 501 2929 exercitus
523 2872 688 2948 imperator
708 2867 898 2947 designatum
920 2867 992 2928 iude
1010 2873 1043 2928 iu
1059 2871 1212 2946 Africam,
1235 2891 1271 2928 ac
1292 2882 1360 2930 turn

247 2960 281 3015 in
300 2957 422 3014 ltaliam
438 2965 590 3014 evocatur.
632 2955 708 3012 Eius
729 2953 836 3013 laudes
850 2957 1011 3035 praecipue
1031 2959 1225 3036 prosequitur
1244 2957 1359 3015 Proco-

246 3044 318 3122 pius
339 3042 392 3106 is
409 3040 483 3098 bell.
496 3037 601 3098 Gotth.
620 3039 718 3098 initio.
761 3041 809 3098 De
827 3043 892 3098 eius
908 3031 1004 3119 patria
1020 3041 1043 3100 l.
1061 3046 1076 3106 1
1095 3041 1168 3100 bell.
1184 3038 1281 3100 Vand.
1297 3037 1360 3122 aip-

248 3149 326 3208 ρητο
346 3123 378 3189 δὲ
393 3121 570 3201 Βελισᾶριος
584 3124 618 3187 ἐκ
627 3125 820 3202 Γερμανίας,
841 3119 864 3205 ἢ
879 3125 1010 3210 Θρᾳκῶν
1024 3148 1056 3188 τε
1073 3125 1126 3188 καὶ
1138 3120 1291 3206 Ἰλλυριῶν
1305 3148 1358 3208 με·

248 3207 322 3284 eniri
340 3216 446 3291 νεῖται.
489 3209 634 3270 Ducebar
652 3210 830 3268 Beliearr'us
852 3211 1003 3289 originem
1024 3232 1059 3270 er
1072 3212 1256 3287 Germanic,
1279 3233 1359 3292 quae
1451 3242 1455 3250 ‚

249 3299 329 3354 inter
351 3297 480 3353 tiraces
495 3306 523 3353 et
541 3295 666 3374 illyrios
687 3297 753 3353 ae'tu
772 3305 826 3355 est.
867 3285 1202 3376 HubertnsGiphanius
1219 3299 1252 3355 in
1272 3316 1358 3356 oom-

248 3382 397 3441 mentario
413 3379 451 3438 de
465 3383 632 3440 Iustiniano
647 3381 845 3458 imperatore,
868 3383 917 3441 cui
931 3379 1133 3460 adstipulatur
1150 3383 1271 3443 Marcus
1284 3383 1359 3440 Vel-

248 3485 334 3525 serus
352 3464 409 3526 14
429 3484 529 3523 rernm
546 3469 806 3543 Augustinorum,
827 3467 872 3523 sic
893 3486 964 3525 eum
981 3467 1082 3525 locum
1099 3469 1231 3545 accepit,
1250 3477 1284 3524 ut
1298 3469 1360 3525 Be·

247 3553 387 3610 linarium
399 3549 584 3609 Gemrauum
603 3547 781 3609 credideritr
804 3552 935 3610 rationes
952 3551 1062 3630 quibus
1075 3551 1108 3608 id
1120 3562 1254 3610 astruere
1267 3571 1361 3611 cona-

247 3647 314 3712 tur,
338 3636 514 3713 ingeniosae
538 3634 626 3710 irrrrt,
645 3653 708 3695 non
729 3655 830 3694 verae.
873 3637 951 3693 Nam
974 3637 1153 3712 Germania,
1176 3655 1255 3717 quae
1280 3640 1361 3696 inter

247 3721 413 3781 Threciam
438 3729 467 3777 et
487 3720 625 3797 illyrium
647 3723 742 3797 iacet,
763 3741 827 3780 non
851 3731 922 3779 sum
947 3721 1055 3798 Quadi
1076 3725 1111 3782 in
1130 3721 1283 3797 Aaron,
1304 3719 1361 3780 sed

247 3808 320 3866 urbs
334 3803 484 3865 Thraciae
501 3814 531 3862 et
545 3806 618 3862 alibi
630 3817 719 3880 nota,
739 3816 771 3865 et
786 3810 819 3864 in
836 3807 1041 3866 sanctionibus
1060 3809 1254 3868 orientalium
1268 3808 1360 3865 Anti-

248 3896 369 3965 mitum,
389 3909 486 3971 eaque
500 3891 676 3969 metropolis
688 3901 746 3952 est.
788 3892 880 3952 Plura
893 3890 1091 3954 deBelisario
1105 3893 1195 3968 infra,
1211 3888 1250 3949 ad
1264 3911 1296 3971 p.
1306 3893 1359 3958 17.

247 3982 299 4045 22.
315 3981 357 4042 80
373 3974 421 4034 ed.
435 3985 556 4036 nostrae
572 3985 603 4034 et
620 3976 704 4035 alibi.
904 4046 905 4050 ρ

333 4060 492 4134 r.19‚14.
538 4058 596 4120 Ad
606 4061 798 4120 consularem
811 4072 840 4121 te
855 4059 1042 4141 dignitatem
1054 4058 1150 4140 evera]
1174 4061 1237 4120 Neo
1253 4070 1359 4120 tamen

125 4213 129 4220 ¹
247 4149 279 4205 in
300 4148 387 4206 fastis
403 4147 611 4205 consularibus
625 4143 770 4207 Photinm
783 4137 931 4227 reperiai:
953 4147 1070 4205 Seneca
1086 4144 1124 4204 de
1138 4166 1189 4222 se,
1205 4147 1358 4206 consulem

249 4233 390 4312 mefieit,
402 4229 525 4291 retinen
532 4230 738 4292 ordinarium.
763 4231 966 4292 Codicillarer
979 4228 1023 4306 hi,
1037 4241 1067 4290 et
1074 4231 1236 4292 honorarii
1248 4251 1359 4292 cousu-

247 4317 294 4374 les
310 4318 504 4377 vocabantur.
548 4319 571 4378 1.
584 4319 605 4384 8
619 4318 691 4376 bell.
707 4315 811 4377 Gotth.
826 4311 942 4390 ὕπατος
957 4313 1143 4396 καλούμενος
1156 4310 1263 4398 μόνον,
1285 4338 1359 4376 eon-

247 4403 302 4459 rul
313 4407 433 4463 nomine
446 4415 541 4464 tenor.
585 4406 738 4466 Aesonius
752 4402 791 4464 de
805 4413 889 4486 patre
906 4404 1062 4484 utrimque
1074 4406 1189 4466 Romae
1200 4413 1357 4466 senatore:
